2658 4664
347 333 349 342 =
478 295 772 368 'wewam
925 289 1208 380 '¹¹49‘

84 413 264 566 xMagislris
287 461 455 566 hodieque
477 460 702 548 desideretur,
729 430 1107 568 uniem'qui'canqns.
1200 553 1202 560 y

96 597 217 642 corum
238 589 270 642 et
284 565 448 641 societatis
466 563 536 640 lesu
555 565 715 666 collegio,
741 563 785 640 ad
810 567 973 654 curandos
992 569 1110 668 ae'groe

95 699 235 773 operam
255 671 366 756 locat,
401 675 486 744 inter
504 665 723 770 Philosophos
747 692 1015 746 connumeratur.
1035 727 1040 752 ,
1057 675 1111 744 Sa·
1179 679 1181 684 '
1211 655 1234 725 f

96 803 190 848 cram
218 775 369 874 linguam
385 799 487 860 unus,
526 797 609 850 vnus
633 779 716 844 item
744 771 988 876 Eloquentiae,
1030 799 1112 847 vnus

97 883 253 953 Poeticae
286 881 532 980 praeceptiones
575 875 737 976 explanat.
801 882 842 950 In
875 898 981 974 ternas
1013 881 1114 949 trium

99 987 340 1056 Grammatices
372 977 519 1052 classium
553 975 715 1078 expositio
752 975 926 1077 diuiditur.
979 984 1114 1064 Littera·

98 1111 178 1158 rum
202 1083 365 1160 elementa
388 1080 455 1156 duo
476 1078 643 1156 interdum
660 1080 816 1171 docents
830 1082 998 1160 interdum
1021 1109 1115 1180 unus.
1181 1127 1183 1134 ι

100 1189 155 1262 Ab
186 1187 302 1260 infima
328 1190 567 1260 Grammaticos
590 1181 721 1274 Classe,
761 1185 803 1260 ad
830 1191 1044 1262 Rhetoricam
1067 1181 1117 1260 vs·

102 1316 182 1392 que,
206 1306 324 1393 graece
340 1289 643 1390 praeterealitterae
666 1287 899 1390 adiunguntur.
953 1295 1063 1390 Atque
1076 1315 1118 1361 ex
1190 1337 1192 1342 -

101 1399 154 1466 his
182 1400 300 1466 artium
328 1387 480 1464 eualescit
498 1387 653 1482 facultas,
691 1398 766 1482 cui,
794 1400 851 1494 qui
876 1387 1022 1492 praecii,
1048 1397 1115 1466 De·
1169 1389 1172 1405 '

106 1521 208 1568 canus
240 1496 431 1593 buguarum
465 1495 642 1596 appelatur.
659 1549 683 1582 ‚‚
736 1495 946 1600 Hucusque
972 1494 1117 1588 Kaizins:

32 1624 35 1630 ·
105 1605 157 1680 Ex
180 1602 244 1672 hae
267 1595 506 1699 descriptione,
533 1614 589 1670 me
613 1603 714 1669 etiam
734 1618 874 1688 tacente,
901 1601 1021 1672 lectbri
1046 1625 1117 1670 eru-

108 1701 347 1800 ditopatebit‚
372 1709 512 1801 ‘quanti
534 1706 661 1788 hiatus,
704 1701 861 1792 lacunae,
904 1723 937 1774 et
971 1697 1121 1774 desectus

106 1801 338 1889 scientiarum,
381 1823 416 1878 vt
447 1803 489 1878 de
518 1800 703 1904 Aesculapii
728 1802 939 1883 sectatoribus
963 1805 1047 1876 nihil
1071 1799 1121 1876 di·

109 1909 212 1992 cam,
247 1903 348 1978 semet
381 1904 477 1980 hicce
511 1905 679 2010 prodant3
720 1935 826 2012 quos,
866 1937 926 2012 pet·
959 1911 1123 1980 recentius

111 2007 296 2083 studiorum
313 2006 453 2102 systema
469 2012 617 2113 expletos
640 2007 702 2086 else
718 2009 1002 2095 abundantissime,
1024 2010 1121 2082 laeta-

110 2109 216 2186 bundi
239 2138 557 2190 commemoramus
604 2119 722 2216 Neque
753 2141 832 2190 vero
868 2109 1122 2216 negligendum,

113 2213 297 2316 Augusiam
329 2219 494 2310 Maisan
525 2221 778 2307 Tuunsstnsm
821 2247 909 2295 anno
942 2223 1010 2290 iam
1037 2217 1124 2310 17712'

113 2345 176 2422 pro
204 2315 320 2390 fauore
344 2318 404 2392 suo
438 2348 515 2421 erga
538 2317 742 2422 ‘omnigenas
780 2317 949 2410 scientias,
989 2316 1125 2407 desecti-¹

113 2427 175 2496 bus
189 2425 240 2495 his
254 2423 396 2522 benigne
414 2421 613 2512 succurrisse,
621 2429 909 2528 Tymauiamque‚
922 2423 1125 2498 facultatem

47 2612 54 2628 Ι
113 2526 289 2604 Medicam
309 2525 481 2613 induxisse,
508 2556 591 2603 mox
619 2526 821 2622 anu01777.
849 2529 903 2604 die
920 2525 1123 2630 aoAugusli,

115 2657 182 2703 vna
211 2653 288 2724 cum
299 2631 515 2704 Vniuersitate
552 2639 678 2731 integra
696 2631 826 2706 budam
851 2638 1120 2731 commigratum.
1191 2683 1193 2690 ι

115 2741 172 2810 De
194 2730 334 2806 Rudensi
350 2733 529 2811 Academia
540 2741 660 2825 veteri,
689 2732 884 2838 Cffnuimffi
900 2757 931 2810 et
942 2735 1126 2826 Csnttdiopo-

116 2841 217 2912 titana
230 2837 315 2910 nihil
335 2840 485 2940 amplius,
505 2837 596 2946 quod
611 2837 734 2924 dicam,
750 2841 867 2918 habeo.
909 2836 1006 2916 Adeo
1026 2829 1127 2908 mosi·

117 2943 191 3027 bus,
213 2935 513 3030 consuetudinibus,
543 2961 575 3014 et
592 2939 786 3018 docentibus
811 2967 889 3020 cum
902 2935 1130 3034 Tytnauiensi
1169 2973 1175 2993 ι

119 3041 367 3122 consentiebant
376 3073 387 3136 3
415 3069 449 3121 vt
464 3050 526 3119 hae
541 3052 687 3146 cognita,
704 3045 843 3148 reliquas
866 3073 907 3118 ex
924 3041 986 3117 asle
1001 3037 1138 3143 perspe··

120 3170 188 3222 ctas
206 3150 334 3227 habeas.
385 3156 513 3231 Interius
531 3157 617 3226 circa
633 3149 784 3230 medium
802 3145 902 3222 seculi
924 3151 1020 3220 huius
1035 3141 1130 3218 scho-

119 3253 154 3326 la
179 3259 298 3340 maion
324 3255 522 3334 Academiae
545 3258 678 3336 axioma
696 3261 843 3354 accepit,
879 3247 1129 3354 philosophicis,

120 3355 313 3456 theologiae
342 3355 571 3444 scholasticae,
614 3377 647 3432 et
666 3357 802 3434 moralis
817 3351 1001 3460 disciplinis
1016 3352 1130 3426 inslru-
1222 3423 1225 3434 ,

122 3465 202 3548 sta,
244 3489 328 3562 quae
351 3483 463 3534 tamen
482 3469 538 3536 vix
556 3465 624 3538 iam
648 3463 857 3536 mentionem
877 3477 1037 3534 meretur.

225 3566 389 3665 Cupiebat
406 3563 551 3739 Aupussa
570 3569 703 3644 Mina
721 3557 927 3660 Timaeum,
954 3555 1134 3633 Proteslan·

122 3691 193 3755 tes,
231 3675 331 3742 etiam
351 3665 428 3742 suos
481 3667 569 3742 deles
596 3665 741 3741 subditos
762 3673 798 3743 in
823 3669 1022 3765 Hungaria‚
1064 3687 1135 3760 gra·
1244 3681 1248 3693 ’

122 3783 170 3849 tia
184 3769 301 3846 eadem
320 3769 481 3844 ¹Caesareo
493 3817 504 3835 ·
516 3777 624 3878 Regin
639 3773 753 3847 beares
780 3791 866 3874 quo,
893 3768 1039 3840 instructi
1053 3767 1135 3838 Vni-

125 3875 277 3966 uersttate
299 3875 479 3948 litterarum
510 3871 625 3961 domi,
662 3901 732 3951 non
756 3871 842 3970 apud
877 3891 1026 3956 exteros,
1067 3893 1135 3940 ma-

125 4008 196 4084 gno
231 3975 484 4080 impensarum,
523 4001 555 4050 et
591 3986 678 4052 vitae
698 3970 887 4054 discrimine
913 3977 1052 4050 mercari
1083 3998 1136 4044 eas

127 4105 334 4185 cogereuttu.
375 4079 612 4184 benignissimo
626 4078 921 4189 itaquemandaso,
949 4107 1038 4156 anno
1054 4075 1137 4178 1764
1213 4091 1219 4126 ²

127 4267 237 4316 bna-»0
245 4245 311 4318 ml
