2644 4658
205 290 411 453 42 Ιι
588 345 841 406 ww&
974 343 978 350 ”

197 509 360 606 ‘ordinem
387 505 555 611 digeslill'e.
605 507 733 605 'Vnde
752 521 825 587 noa
851 506 1063 604 erubescunt,
1102 521 1220 592 inuen-

203 621 333 687 tionem
358 611 589 716 'liilosophiae
614 632 710 716 atque
726 616 839 688 onmis
851 611 1004 690 scientiae
1027 607 1059 690 et
1077 627 1220 722 antiqui-

204 723 294 804 tatis,
329 643 387 790 fili
404 743 564 818 arrogare.
603 713 683 790 xSed
704 718 757 791 vel
770 721 832 791 hae
848 717 973 792 litterae
994 719 1145 809 nostrae,
1173 720 1225 796 fa·

202 819 294 894 bulas
323 835 440 892 eorum
473 818 603 895 abunde
626 816 789 908 refutant,
827 848 865 892 ac
894 829 989 894 certis
1024 823 1224 900 testimoniis

203 919 448 1009 demonstrant,
489 922 649 1001 Astaticos
678 927 836 1014 Scythas,
875 943 909 996 e't
942 925 1153 1015 vetustiores,
1190 949 1224 1002 et

201 1024 330 1126 populo
344 1030 410 1098 Dei
427 1025 531 1125 longe
549 1031 801 1127 propinquiores
821 1024 896 1125 ipfis
914 1022 1030 1114 fuille,
1058 1049 1223 1104 veterem-

201 1153 266 1228 que
293 1121 488 1228 sapientiam
517 1130 556 1202 ab
579 1128 737 1204 Hebraeis
767 1125 809 1200 ad
832 1127 1012 1216 Assaticos,
1040 1150 1072 1202 et
1107 1135 1224 1206 abhis

11 1263 12 1282 r
90 1283 96 1294 .
202 1227 244 1303 ad
269 1233 411 1304 Graecos
437 1228 574 1304 donum
603 1227 818 1332 promanasse.
872 1238 943 1306 Iam
976 1249 1076 1318 veru,
1115 1233 1226 1310 srv‘el

201 1352 379 1408 numerum
403 1332 584 1407 litterarum
604 1331 795 1430 'solitarum
814 1328 956 1434 spectes,
999 1362 1117 1408 omnes
1143 1337 1223 1411 alia-

139 1461 141 1466 ’
200 1457 276 1532 rum
303 1441 464 1535 ‚gentium
497 1423 697 1526 characteres
724 1431 897 1536 superant3
916 1437 988 1510 *vel
1017 1438 1225 1538 elegantiam

186 1535 416 1624 confideres,
450 1537 550 1613 nullis
580 1559 667 1614 certe
696 1558 895 1612 exterarum*
911 1539 1086 1614 elementis
1119 1541 1226 1618 cedit:
1309 1527 1310 1604 l

98 1727 100 1730 ¹
146 1671 149 1684 ·
199 1646 241 1714 In
258 1643 325 1712 hoc
346 1665 425 1734 vero
449 1639 574 1716 litterae
600 1639 748 1740 nostrae,
787 1641 924 1715 aliarum
955 1649 1106 1743 gentium
1134 1646 1224 1720 litte·

199 1770 283 1838 ras,
311 1743 422 1842 longis
453 1749 553 1816 etiam
580 1741 957 1856 parapsangissuperant,
997 1743 1087 1847 quod
1119 1769 1154 1820 et
1182 1749 1232 1822 sn
1309 1739 1310 1810 l

199 1873 243 1918 ne
270 1845 400 1945 punctis
423 1841 621 1934 scribantur,
650 1866 682 1918 et
696 1855 994 1945 pronunciationes
1017 1875 1137 1923 omnes
1157 1879 1223 1923 no·

149 1959 153 1967 '
199 1947 298 2033 strae,
326 1947 434 2031 multo
459 1974 559 2049 quam
583 1950 721 2023 aliarum
741 1956 916 2032 nationum
936 1951 1062 2022 litterae
1072 1989 1088 2038 ,·
1111 1949 1223 2052 perfe—

198 2055 281 2122 etius
311 2058 519 2150 exprimunt,
541 2069 587 2126 'et
622 2050 763 2153 denique
799 2051 864 2142 illis
890 2049 1223 2154 facilius‘addiscun-
1309 2051 1310 2074 ¹

167 2155 178 2246 '‚
198 2171 258 2250 tur.
284 2191 287 2198 ·
311 2158 521 2248 Graecam„
535 2155 743 2246 Hebraeam,
781 2159 931 2228 Latinam
961 2157 1114 2256 linguas,
1142 2177 1224 2232 toto

196 2261 285 2331 vitae
310 2258 478 2330 curriculo¹
504 2263 560 2329 vix
584 2255 796 2332 mediocriter
824 2255 992 2330 addiscere
1022 2257 1220 2358 poffurnus,

196 2463 361 2548 bibimus,
389 2447 421 2532 et
454 2459 495 2535 ad
516 2489 568 2533 eas
588 2482 701 2536 exacte
719 2459 941 2536 addiscendas
960 2483 1002 2535 ,et
1030 2471 1220 2565 percipien-

123 2617 125 2622 -
196 2562 276 2650 das,
304 2564 416 2638 multis
430 2563 531 2650 libris,
556 2565 670 2648 multis
690 2563 862 2664 expensas,
882 2581 1031 2668 papyro,
1060 2568 1219 2657 calam0,
1309 2653 1310 2680 ,

195 2685 401 2758 atramento,
431 2679 469 2738 et'
493 2661 625 2754 nescio,
654 2669 770 2772 quibus
803 2668 873 2742 aliis
902 2670 1138 2844 multqqqlicibus
1166 2679 1221 2746 in·

1309 2233 1310 2282 t

165 2409 166 2412 ¹
197 2362 452 2446 Germanicam,
479 2359 654 2446 Gallicam,
683 2355 1136 2458 Hispanicam,(difficillime
1167 2371 1222 2436 in,

1309 2491 1310 2546 t

1309 2557 1310 2600 t

17 2768 20 2776 ’
103 2829 107 2840 .
194 2768 381 2842 strumentis
407 2797 489 2870 opus
507 2771 675 2842 habemus.
729 2777 799 2844 Has
829 2799 909 2845 vero
940 2799 985 2844 no
1030 2799 1062 2843 as
1088 2773 1220 2846 litteras
1287 2829 1293 2837 -

193 2867 364 2958 facillime,
392 2892 424 2946 et
450 2871 637 2945 breuissitno
659 2894 831 2974 tempore,
860 2882 1021 2976 quispiam
1043 2871 1220 2963 addiscere
1309 2899 1310 2960 t

192 2973 319 3076 potest,
349 3001 421 3061 eas,
457 2973 525 3050 stne
554 2975 626 3049 vllis
660 2976 771 3066 libris,
808 2975 962 3064 calamis,
999 2995 1187 3052 atramento
1205 2995 1241 3059 ,Γ

63 3158 65 3167 ,
140 3123 143 3130 ·
170 3103 344 3177 ,papyam
370 3079 566 3178 vellignis,
594 3078 691 3151 instar
720 3079 894 3172 Scythalae
923 3077 1223 3180 Lace'demoniae,
1309 3113 1310 3168 4

153 3213 157 3219 ·
192 3181 247 3252 vel
272 3180 354 3265 aliis,
382 3182 546 3281 quibusuis
565 3186 727 3269 materiiS,
748 3180 844 3256 nullo
859 3188 996 3282 negotio
1024 3178 1223 3257 inscribere..

193 3283 444 3387 Qamobrem,
472 3281 629 3383 equidem
661 3282 776 3386 dignas
794 3281 890 3360 hasce
916 3287 1035 3358 litteras
1070 3281 1133 3358 esse
1164 3293 1217 3361 iu·
1309 3291 1310 3378 3

192 3381 293 3470 dice,
322 3412 413 3486 rquae
444 3413 514 3458 non
546 3381 655 3472 solum
692 3392 728 3462 in
768 3390 922 3462 omnibus
953 3383 1074 3460 scholis
1101 3389 1218 3489 prieris
1309 3463 1310 3466 ,

191 3479 441 3587 proponantur,
459 3508 491 3560 et
503 3488 719 3562 instillemus:
746 3488 929 3576 sedetiam,
958 3517 1036 3590 quas
1053 3496 1218 3568 omnium
1309 3509 1310 3582 ᾗ

192 3589 350 3664 ordinum
371 3594 524 3686 homines
551 3589 726 3678 nostrates,
753 3594 873 3694 pueri,
909 3600 1067 3683 iuuenes,
1094 3589 1216 3684 senes,
1309 3597 1310 3676 f

190 3699 271 3781 viri,
298 3693 472 3781 mulieres,
510 3694 638 3767 nobiles
664 3721 702 3767 ac
731 3697 863 3782 rustici,
896 3695 1037 3769 breuiter
1068 3721 1215 3788 omnes,

189 3802 248 3972 qui
283 3803 434 3897 Vngaros
461 3793 495 3873 se
527 3803 694 3902 nominari
723 3799 859 3886 volent,
887 3795 1064 3888 addiscant.
1125 3804 1217 3874 Lau·
1309 3803 1310 3894 ζ

144 3957 148 3963 „
214 3924 320 3999 ocgo
345 3899 554 4000 propolitum
582 3920 699 3990 tuum,
734 3901 825 4004 quod
866 3905 949 3974 haec
968 3901 1102 4000 linguae
1126 3907 1217 3998 Scy-

187 4007 295 4075 thicae
315 3998 501 4079 rudimenta
513 4002 698 4103 collegeris,
726 4027 759 4078 et
774 4003 895 4098 discere
915 4003 1101 4078 volentibus
1114 4034 1215 4081 com·
1309 4089 1310 4096 χ

187 4111 358 4182 municare
379 4107 531 4182 volueris.
564 4106 653 4182 ,Etfi
676 4116 767 4185 enim
787 4111 937 4186 breuiora
962 4103 1058 4196 sunt,
1088 4138 1126 4184 ac
1159 4141 1215 4186 ru-
