2644 4658
93 493 220 566 iutmodi
255 493 404 569 studium
431 497 563 572 existere
593 499 767 598 generale,
813 495 962 602 illudque
984 523 1102 600 perpe·

94 603 146 668 tuis
171 599 371 698 temporibus
400 603 482 675 inibi
503 607 637 702 vigere,
666 621 734 676 tarn
760 609 797 676 in
825 607 907 677 Iuris
934 605 1101 685 Canonioi
1173 639 1177 650 ·

95 721 121 768 et
143 703 271 787 Ciuilis,
325 730 405 798 uam
436 705 666 806 unaqualibet
695 707 786 810 licita
814 725 1043 810 praeterquam
1062 710 1101 778 irr

96 802 267 902 theologica
298 729 478 894 laenitate,
514 827 548 884 et
572 799 663 909 quotl
697 808 845 908 legentes
873 829 912 880 ‘et
936 803 1102 884 studentes

96 903 204 977 ibidem
223 909 384 981 omnibus
400 912 591 1011 priuilegiis,
617 911 828 998 libertatibus,
857 916 890 986 et
912 917 1103 990 immunita·

94 1008 165 1078 tibus
188 1009 368 1097 eonceffis,
397 1013 608 1101 doctoribus,
635 1013 841 1116 legentibus,
874 1009 1100 1110 studentibus,

94 1121 366 1187 commorantibus
394 1121 431 1186 in
453 1115 561 1190 studio
591 1117 739 1217 generali
763 1114 930 1220 gaudeant
956 1135 989 1188 et
1011 1135 1102 1190 vtan·
1215 1160 1217 1171 v

96 1235 158 1298 tur,
199 1217 361 1317 quodque
393 1215 574 1320 Episcopus
595 1225 756 1324 Qinqne
782 1217 1017 1306 Ecclosrcnsts,
1043 1224 1101 1320 qui

35 1339 38 1354 ·
99 1343 149 1412 pro
169 1337 318 1418 tempore
342 1318 461 1406 fuerit,
489 1323 543 1395 vel
561 1321 708 1416 Ecclesia
734 1325 890 1426 Qinque
905 1317 1108 1408 Ecclesrenl't

98 1441 210 1491 carente
232 1425 387 1510 Pastore,
417 1430 549 1498 Vicario
579 1421 635 1498 seu
664 1425 810 1502 officiali
837 1423 1038 1502 dilectorum
1065 1423 1103 1498 fi·
1217 1516 1238 1537 Α,

97 1519 202 1595 liorunr¹
223 1528 363 1627 capituli
387 1525 486 1626 ipsius
501 1527 669 1622 Ecclestae
696 1527 971 1630 promouendos,
996 1524 1101 1600 indi·

99 1643 139 1695 cta
160 1633 307 1726 ciuitate,
337 1629 380 1703 ad
407 1629 615 1718 doctoratus,
641 1627 697 1706 seu
728 1633 905 1734 magisterii
935 1634 1105 1708 honorem
1217 1657 1220 1662 ’

98 1731 126 1798 in
146 1727 397 1828 illa'faeultate,
424 1739 542 1837 inqua
574 1732 673 1812 fuerit
700 1741 901 1812 examinatio
928 1730 1103 1820 facienda,

99 1834 173 1902 iuxta
195 1827 342 1908 modum
373 1857 406 1909 et
434 1835 711 1930 consuetudinem
744 1846 793 1916 in¹
808 1839 924 1912 talibus
953 1833 1127 1933 obserua-x

100 1949 158 2020 tos,
182 1945 372 2012 examinare
393 1939 518 2014 studeat
542 1940 743 2041 diligenter,
771 1948 881 2042 eisque
912 1939 936 2012 fi
968 1938 1009 2011 ad
1036 1941 1105 2011 hoe

101 2030 315 2127 sufficientes„
339 2063 372 2114 et
403 2041 518 2117 idonei
553 2036 673 2144 reperti
703 2040 845 2130 fuerint,
883 2040 1029 2124 dooendi
1066 2039 1105 2118 li·

103 2138 397 2242 centiamffitribuat,
439 2167 470 2218 et
500 2151 667 2220 honorem
694 2145 888 2229 huiusmodi
919 2140 1117 2244 concedat,¹
1154 2152 1161 2170 ¹

102 2259 152 2322 au:
172 2237 324 2338 olunius,
355 2250 446 2352 quod
479 2249 639 2351 magistris
669 2271 701 2324 et
728 2249 939 2336 doctoribus,
978 2253 1035 2350 qui
1063 2251 1106 2320 'in

103 2345 273 2424 huiusmodi
297 2353 417 2452 legunt
445 2347 573 2439 studio,
611 2359 825 2453 per‘Regem
852 2357 1017 2452 Vngariae
1042 2374 1105 2448 pro

103 2465 231 2548 tempore
251 2456 469 2546 existentem,
495 2461 530 2529 in
554 2459 817 2560 competentibus
837 2455 1004 2555 stipendiis
1028 2477 1105 2552 pr0«

104 2548 264 2631 rideantur.
319 2561 482 2662 Alioquin
513 2556 677 2660 praefatae
703 2559 831 2633 nostrae
856 2560 1005 2644 litterae,
1032 2553 1108 2633 nul·

105 2649 154 2724 lint
183 2655 282 2754 allent
310 2663 439 2736 roboris
465 2663 519 2736 vel
544 2669 740 2762 momenti,
780 2683 879 2762 prout
912 2659 947 2732 id
979 2657 1106 2734 eisdem

108 2755 201 2832 nostris
227 2763 344 2839 litteris
367 2761 502 2868 plenia
521 2773 719 2840 continetur.
745 2761 952 2868 ‘Cupientes
979 2768 1106 2860 igitur,

107 2877 134 2926 lt
153 2879 213 2936 tam
229 2869 385 2956 incolae,
401 2897 512 2970 quam
544 2871 600 2942 alii
631 2867 802 2970 praedieti-¹
819 2875 856 2940 in
882 2864 1001 2946 eadem
1027 2867 1107 2935 ciui·

109 2977 159 3034 tate
181 2967 268 3046 causa
289 2965 485 3045 huiusmodi
508 2971 605 3046 studii
628 2966 807 3057 moraturi,-
835 2971 944 3046 atilius
974 2962 1108 3067 prospe·
1206 2997 1214 3011 r

35 3113 37 3122 ,
109 3087 227 3158 rentur,
246 3076 426 3164 volumus,
453 3103 490 3150 ae
515 3073 722 3154 serenitatem
751 3075 865 3160 tuam,
894 3097 994 3176 quarn
1021 3075 1108 3142 votis

35 3199 36 3234 1
111 3169 204 3244 uostris
239 3175 452 3280 conformem
481 3175 647 3280 speramus
682 3199 714 3250 et
735 3175 938 3262 eredimus,
955 3180 1013 3247 :in
1043 3175 1107 3247 hac

35 3273 36 3278 ’
111 3291 182 3365 pane
205 3304 365 3379 rogamus
388 3302 420 3352 et
442 3287 615 3359 hortamur
639 3300 779 3374 attente,
806 3299 965 3382 quatenns
990 3281 1106 3354 omnia

36 3385 37 3392 ’
113 3373 261 3477 singula
309 3386 460 3484 riuilegia
480 3383 756 3484 huiusmodi'per
780 3404 835 3470 te,
871 3383 1106 3482 tt'praemitti*

112 3489 154 3547 lur
172 3411 339 3576 contenit,
363 3491 513 3574 ratifices'
535 3510 567 3560 et
585 3479 787 3574 confirmes,
812 3507 845 3560 et
873 3485 898 3558 st
929 3481 1108 3590 expediens

35 3613 36 3636 i
112 3569 214 3670 luerit,
263 3585 325 3662 alia
357 3588 399 3665 de
433 3619 560 3677 nouo,
604 3589 826 3684 doctoribus,
868 3589 1030 3688 magistris
1074 3605 1107 3659 et

113 3671 288 3767 scholaribus
317 3694 511 3768 huiusmodi
533 3722 589 3771 ,re
615 3701 645 3769 ia
686 3695 878 3772 liberalitate
918 3689 1103 3774 concedas,

113 3781 212 3886 illaque
237 3817 303 3871 tarn
324 3795 497 3886 conceffa,
525 3827 546 3900 q
590 3827 625 3870 m
648 3793 863 3871 concedenda
886 3792 1019 3868 -studens
1046 3791 1105 3866 ob·

114 3877 233 3982 struere,
268 3921 300 3974 et
315 3901 429 3976 zfactas
458 3904 497 3976 ab
520 3904 621 4002 aliis,
657 3921 759 4002 prout.
786 3904 909 3974 honori
939 3917 998 3968 tuo
1025 3919 1106 3967 ron·
1196 3979 1209 3989 ,N

114 4000 184 4068 tent
212 4006 443 4080 inuiolabiliter
477 4002 651 4082 obseruari.
729 4001 824 4080 Nulli
853 4029 934 4103 ergo
961 4003 1106 4073 omnino

113 4089 266 4180 hominum
295 4110 392 4190 liceat
409 4114 496 4186 hanc
519 4117 678 4212 paginam
704 4107 834 4183 nostrae
857 4108 1034 4198 retentatis
1057 4107 1109 4174 iu·
1162 4169 1167 4184 ,
