2728 4660
441 357 453 366 ⁵
548 365 877 430 ψ
1119 327 1206 455 ι79Ι

143 587 148 596 ,
197 543 200 550 ’
239 550 345 606 quoque
374 543 467 597 erant,
494 535 629 590 rariaunn
656 539 753 591 artium
778 535 897 604 Magistri
916 535 1119 604 Vittemberga,
1148 539 1184 594 ad
1288 573 1291 586 ι

239 630 380 686 tradendas
404 631 506 707 litteras
528 627 683 694 iuuentuti,
712 645 764 700 quo
791 634 873 686 etiam
889 633 967 686 series
992 632 1127 695 claffium,
1153 629 1182 690 et

238 724 437 791 disciplinarum
465 705 614 778 transmilsa
637 725 687 788 eli,
715 726 746 780 ad
763 723 946 787 Abrahamum
966 725 1109 783 Calouium
1125 730 1186 783 Do.

237 826 359 879 ctorem,
378 829 408 872 vt
426 819 452 872 se
469 823 591 895 nominat
609 822 636 872 in
660 820 776 882 litteris,
804 821 836 872 ad
861 818 991 877 Senatum
1012 821 1184 890 liperielren-=
1280 846 1285 854 ¹

238 910 293 961 sem
314 907 412 974 millis,
440 910 606 986 Theologiae
627 926 676 979 per
696 925 778 966 terras
798 909 907 966 Elector
930 913 1065 970 Saxoniae
1087 917 1184 988 Senio·

238 1019 313 1066 tem,
332 1003 493 1058 Academiae
512 1005 718 1072 Vittebergensls
747 1005 921 1062 Proleli‘orem
948 1014 1123 1080 primarium,
1158 1022 1186 1069 ct

239 1095 407 1152 Electoratus
424 1097 552 1152 Saxonici
575 1099 848 1167 superintendentem
863 1106 1025 1169 generalem.
1082 1105 1186 1163 Placuit

193 1187 195 1201 '
241 1193 364 1248 ultimam
379 1193 491 1264 Clallem
516 1193 590 1246 isthic
614 1193 749 1248 recensere
770 1199 804 1249 iis
822 1195 882 1268 ipsis
897 1201 1006 1263 verbis,
1031 1199 1127 1269 quibus
1149 1199 1186 1260 ult

239 1290 298 1342 sunt
318 1286 442 1361 authores
462 1289 554 1352 seriei,
573 1287 695 1357 (vtinam
718 1299 745 1341 et
769 1289 885 1358 reliquas
908 1287 1066 1355 adiecillet)
1084 1285 1110 1341 'e
1126 1292 1187 1357 qul.

240 1381 290 1434 bus
311 1383 439 1434 iudicium
459 1381 553 1434 statuas
577 1381 611 1432 de
627 1377 765 1443 aedilicio,
785 1421 804 1444 „
815 1361 917 1435 decima
935 1384 1036 1446 Clamo,
1052 1386 1144 1438 ultima
1160 1395 1187 1440 et

241 1475 365 1544 suprema
389 1474 426 1528 est
451 1469 671 1539 theologorum,
707 1475 750 1527 vbi
784 1475 941 1530 tractabitur
970 1474 1118 1544 Theologia
1149 1494 1186 1536 ert

244 1571 380 1642 prolello,
395 1585 456 1622 curn
471 1569 571 1634 linguis
586 1568 779 1642 orientalibus,
800 1567 938 1624 Hebraeae
952 1571 1060 1638 quidem
1079 1569 1187 1638 Forllii,
1243 1634 1248 1644 ,

242 1667 340 1719 ceteris
358 1679 439 1724 vero,
459 1677 508 1730 pro
526 1661 654 1714 arbitratu
673 1659 829 1714 Profefforis
847 1661 992 1727 Primam,
1022 1675 1048 1718 et
1065 1656 1188 1730 Directo-

243 1763 283 1814 ris
302 1753 453 1824 Gymnastl,
481 1756 527 1821 qui
552 1767 600 1819 pro
623 1763 745 1822 tempore
775 1757 811 1810 eli
840 1757 983 1811 admodum
1009 1749 1200 1822 reuerendus„
1266 1774 1267 1783 ¹

243 1849 478 1907 excellentissimus
498 1857 526 1900 et
542 1847 716 1914 ampllilimus
734 1851 793 1910 vlt,
814 1847 947 1902 Dominus
968 1849 1077 1903 Samuel
1093 1851 1191 1905 Poma.

244 1949 320 2006 rius,
346 1942 396 1997 SS.
419 1941 584 2009 Theologiaa
608 1939 728 2003 Ductor,
758 1941 940 2010 Magdeburgo
965 1941 1016 1996 huc
1043 1943 1191 1998 accerlitus.
1268 1977 1271 1984 ·

244 2033 334 2090 Huius
354 2035 478 2105 salarium
498 2036 557 2090 sunt
571 2037 708 2088 annuatim
725 2019 1049 2100 quadringentent'talleri
1065 2042 1193 2106 imperia-

245 2129 303 2194 lis,
322 2133 387 2184 item
404 2147 443 2198 25.
458 2133 545 2186 talleri
567 2107 674 2196 liunalis
703 2131 853 2193 pecuniae,
882 2129 976 2192 viginti
1009 2137 1123 2196 quatuor
1145 2145 1193 2180 cu·

246 2221 303 2276 buli
325 2221 521 2292 Eperiefienles
536 2226 676 2292 diligatis,
708 2222 787 2275 tritici
811 2223 871 2287 puri
895 2220 985 2272 eubuli
1003 2219 1100 2274 similes
1124 2221 1170 2272 sex
1182 2257 1192 2283 ,

226 2317 300 2392 ¹duo
330 2320 389 2374 vasa
405 2325 480 2385 vini,
509 2321 601 2374 decem
631 2320 689 2372 vasa
706 2313 866 2376 cereuiliae,
892 2311 1036 2382 hospitium
1053 2311 1196 2366 honestum

232 2414 404 2476 ¹gratuitum.
422 2453 442 2478 „
481 2413 584 2470 Verum
608 2411 765 2471 Pomarius,
794 2408 863 2476 quod
883 2407 967 2462 nollet
990 2409 1059 2460 inter
1075 2407 1147 2474 spem
1169 2418 1197 2461 et

247 2515 350 2559 metum
371 2524 453 2576 poma
478 2509 583 2576 fugacia
603 2517 726 2574 captare,
753 2500 811 2568 (eli
835 2499 987 2556 Sarcasmus
1011 2501 1143 2570 frigidus,
1169 2511 1205 2593 etl
1263 2529 1266 2534 ·

249 2599 398 2665 iudignusa
414 2604 572 2659 Schmitthio
592 2591 760 2660 fabricatus)
779 2594 872 2648 diffuse
883 2597 1023 2664 propofitis
1035 2598 1196 2652 difficultati·

249 2692 315 2756 bus,
340 2713 408 2764 quae
428 2698 513 2766 ipsum
540 2713 594 2748 non
621 2696 668 2747 aba
698 2710 727 2748 re
757 2691 916 2753 terrebant,
942 2693 1059 2746 oblatam
1083 2692 1198 2762 spartam
1231 2710 1244 2750 J

248 2787 325 2841 alteri
349 2790 487 2854 concellit,
508 2789 574 2857 (sed
590 2804 653 2841 vero
669 2789 723 2860 lpse
739 2783 786 2836 fibi
801 2798 889 2847 actor,
920 2786 1019 2840 oblitus
1035 2795 1145 2854 repente
1160 2785 1199 2838 lui

249 2883 435 2950 contradicit:
472 2885 544 2937 dixit
567 2884 660 2945 enlm,
696 2879 771 2933 inille
794 2896 844 2946 pro
876 2891 996 2946 tempore
1012 2879 1202 2934 .Prolellorem

248 2971 421 3040 Pomarium,
449 2979 514 3046 quin
544 2980 584 3029 vir
614 2979 730 3043 optimus
756 2990 810 3028 non
834 2974 949 3040 sponte,
976 2973 1020 3028 sed
1041 2973 1200 3028 exturbatus
1285 3046 1287 3056 J

158 3049 163 3056 ’
250 3065 422 3146 Gymnasium
444 3067 583 3136 deseruit)
604 3080 638 3134 ¹et
662 3071 797 3124 academia
815 3083 911 3134 magno
932 3068 1042 3137 strepitu
1062 3069 1200 3130 inchoata,

249 3163 378 3227 opinione
396 3163 568 3216 sectariorum
583 3162 696 3218 celerius
713 3170 848 3230 euanuit„
868 3165 1001 3234 (Vtinam
1017 3181 1071 3218 non
1082 3154 1203 3218 Schmit-
1276 3173 1279 3182 ¹

250 3252 300 3307 thii
324 3258 454 3312 sociorum
473 3259 591 3323 inuidia,
620 3257 708 3310 nostro
726 3275 790 3316 vero
814 3272 840 3336 et
854 3261 1005 3314 litterarum
1032 3258 1123 3319 malo,
1143 3257 1200 3311 san-

250 3355 358 3418 guineis
377 3354 511 3414 lacrimis,
537 3367 674 3420 nunquam
696 3352 756 3406 latis
775 3351 973 3420 deplorando.)
997 3352 1136 3408 Pomarius
1153 3367 1201 3402 nn-

252 3441 303 3498 ster
326 3442 377 3498 fuit
401 3445 511 3499 Silefius
537 3449 663 3512 origine,
694 3447 828 3500 facultatis
860 3445 1061 3516 Philosophicae
1084 3443 1201 3500 Vittem-

252 3537 351 3604 berrae
367 3540 521 3603 adiunctus,
541 3541 647 3596 'deiude
663 3539 787 3592 Decanus
806 3538 990 3602 coloniensis,
1020 3539 1052 3592 ad
1070 3537 1202 3604 Spream,

201 3667 204 3675 ·
251 3647 318 3698 mort
338 3632 569 3700 Superintendens
586 3631 667 3686 Peleo
684 3665 695 3677 ·
711 3630 872 3701 Stolpenfis,
893 3632 986 3685 vltimo
1009 3631 1041 3683 ad
1058 3629 1092 3683 D.
1113 3628 1202 3682 iacobi

150 3729 156 3740 '
252 3725 429 3792 Magdeburgl
454 3723 545 3781 Pastor
568 3723 733 3778 Primarius:
768 3727 837 3779 vnde
863 3726 1049 3795 Eperiefinum
1076 3733 1203 3784 vocatus,

251 3835 320 3874 anno
352 3837 415 3874 vero
451 3821 522 3890 1⁶?3·
556 3823 584 3874 in
616 3821 728 3874 axilium
761 3833 835 3874 actius
867 3819 999 3878 Ptolelior
1019 3817 1203 3884 Theologiae,

253 3908 401 3966 Extraord.
423 3913 624 3982 Vittembergae
649 3925 769 3976 creatus,
795 3927 847 3978 qua
871 3911 1099 3980 superintendens
1119 3909 1200 3978 Libe·

257 4019 304 4056 rae
321 4003 521 4086 etllutperialis
539 4010 614 4062 vrbis
634 4005 794 4063 Lubeconsts
821 4020 891 4060 anno
911 4009 980 4084 tous.
1005 4006 1049 4058 die
1073 4021 1096 4059 2.
1109 4003 1184 4058 utut

251 4095 322 4150 aliem
345 4097 419 4156 suum
448 4101 522 4161 abiit,

691 4279 777 4353 Ma
