2680 4662
188 496 367 602 Agrieni'e,
405 493 648 600 strigoniense,
687 493 988 586 Comaromiense,
1021 499 1228 599 Gyiingyii-

190 601 316 692 stense,
343 611 458 677 omnia
479 609 561 676 haec
584 600 776 676 lesuitarum
801 602 913 688 olim,
951 599 1129 679 directioni
1156 623 1229 675 tra·

193 708 282 800 dita3
309 705 495 794 Nitriense,
537 727 570 780 et
591 703 1047 790 Priuidiense.,1>iarissarum,
1089 711 1127 780 in
1146 711 1230 806 qui-

193 815 252 888 bus
270 833 384 886 tamen
408 807 570 912 plerisque
595 807 672 886 teste
693 807 827 883 Andrea
847 809 972 883 Felker
1003 812 1035 880 S.
1060 815 1085 882 1.
1121 815 1161 880 in
1189 835 1231 882 re

191 915 348 990 litteraria
378 919 572 1014 Hungariae
606 940 681 1013 pag.
722 939 764 1008 15.
802 909 891 1016 seqq.
937 913 1021 986 vltra
1050 911 1232 984 latinitatis

194 1007 393 1126 praecepta,¹
411 1045 483 1091 non
504 1013 725 1090 assurexerunt
741 1015 918 1088 docentes:
947 1011 1147 1087 Posoniense
1169 1021 1228 1108 a),

175 1117 400 1208 *Modrense,
437 1117 679 1196 Banouitaense
706 1125 761 1214 b),
789 1115 977 1206 Soluense,
1014 1115 1228 1191 Trenchir'ri·

98 1303 128 1323 ι’
172 1294 181 1316 ⁴
233 1329 271 1397 a)
290 1326 442 1382 Anouimos
469 1326 576 1394 quidam
608 1330 636 1379 in
655 1325 839 1392 Descriptione
864 1323 947 1379 Vrbis
976 1319 1139 1377 Posonienfis
1160 1323 1228 1378 MS.

158 1463 161 1482 .
227 1433 231 1440 ·
270 1417 338 1477 haec
355 1423 389 1475 de
407 1437 440 1474 eo
459 1421 612 1474 adnotauit:
633 1421 702 1472 circa
721 1398 820 1472 annunt
840 1419 909 1487 1⁶⁶7.
930 1417 1031 1471 illustre
1053 1432 1079 1472 et
1099 1419 1225 1486 splendi-

273 1519 338 1571 dum
356 1513 546 1584 Gymnasium,
566 1516 597 1570 ad
620 1513 705 1583 ipsum
724 1510 868 1578 Templum
889 1509 961 1579 (SS.
984 1509 1123 1566 Trinitatis
1145 1515 1227 1581 quod

272 1610 389 1678 denique
409 1609 438 1663 S.
457 1607 606 1664 Saloatoris
627 1621 727 1660 nomen
746 1601 870 1670 aceepit)
888 1619 923 1654 err
948 1607 1007 1671 pari
1035 1608 1225 1664 munificentia

271 1706 500 1772 peregrinantium
526 1713 555 1758 et
573 1702 774 1757 aduentantium
797 1709 916 1750 erectum
943 1697 998 1765 est,
1019 1717 1131 1770 quatuor
1152 1721 1224 1760 con.

273 1798 467 1862 signationem,
489 1799 517 1850 in
540 1813 594 1865 quo
617 1809 677 1851 octo
700 1797 836 1861 separatae
858 1790 949 1844 classes
967 1806 1151 1848 numeramur.
1197 1797 1230 1852 sn

190 1933 196 1944 .
249 1885 454 1956 ‘superioribus
485 1891 574 1946 cursus
603 1888 785 1956 Theologicus
816 1893 843 1938 et
863 1883 1067 1954 Philosophicus
1084 1894 1122 1945 ira
1139 1891 1228 1944 doce.
1338 1925 1339 1960 ,

194 2039 199 2050 ,
279 1981 376 2042 bonu,
406 1993 436 2035 vt
456 1981 583 2038 iuuentus
605 1977 752 2052 superioria
780 1978 936 2048 Hungariae
966 1993 993 2038 et
1014 1981 1232 2048 Transriuanr'ae,
1338 1961 1339 2040 i

277 2076 342 2144 quin
363 2085 390 2128 et
404 2074 534 2130 Germani
550 2093 586 2130 ex
600 2077 660 2130 aliis
677 2076 844 2137 Prouinciis,
861 2085 890 2131 vt
903 2080 969 2132 etin
985 2079 1093 2130 ciuitate
1104 2079 1172 2140 nati,
1193 2081 1233 2132 ita

197 2155 200 2165 ’
273 2169 459 2224 erudirentur:
480 2179 508 2224 ot
541 2172 567 2222 in
594 2169 749 2224 Academiis
772 2171 883 2236 gradum
909 2169 1054 2238 Magisterii
1079 2170 1231 2235 assumere,

271 2265 338 2333 quin
354 2273 383 2319 et
407 2279 519 2318 munera
541 2263 664 2332 publica,
684 2259 738 2316 trin
757 2261 946 2326 ecclesiastica,
967 2277 1047 2332 quarn
1072 2261 1232 2318 scholastica
1262 2303 1268 2327 ,

196 2393 203 2406 .
273 2360 301 2411 in
319 2358 407 2426 patria
428 2359 469 2410 ets
495 2359 598 2424 imponi
619 2357 748 2425 poterint.
783 2355 815 2409 In
832 2356 883 2410 hoc
904 2357 1049 2424 sirmundo
1073 2358 1232 2412 habebatur

272 2451 355 2504 etiam
381 2445 527 2502 Theatrum
552 2450 707 2513 scenicum,
732 2451 803 2519 quod
831 2454 894 2519 quia
920 2453 1018 2520 septies
1037 2453 1175 2504 immutari
1201 2461 1234 2506 et

277 2545 400 2598 conuerti
423 2544 560 2608 potuerit,
579 2557 632 2596 non
652 2531 782 2612 exipiam
809 2547 898 2600 attulit
918 2545 1065 2612 Gymnasro
1091 2545 1232 2602 honorem

275 2647 305 2690 et
322 2634 431 2690 samam.
468 2633 626 2690 Gaudebant
643 2641 724 2692 etiam
742 2636 913 2696 Posouienses
945 2638 1038 2706 insigni
1069 2637 1233 2706 Composro-
1337 2683 1338 2702 ,

274 2747 307 2787 re
327 2742 435 2786 actuum
449 2731 631 2794 scenicorum,
650 2730 692 2785 hh·
700 2729 800 2787 Ioanne
820 2733 941 2796 Rechiin,
961 2733 1007 2802 qui
1025 2730 1139 2800 quodam
1157 2743 1233 2784 rem.
1337 2747 1338 2758 ¹

276 2843 360 2898 pore,
380 2828 408 2878 in
423 2823 552 2878 honorem
563 2821 737 2890 Imperatoris
750 2825 891 2893 Leopoidr',
908 2826 1039 2894 inignem
1054 2824 1160 2878 Ludunt
1174 2825 1233 2880 Co·
1337 2803 1338 2874 i

276 2924 377 2974 micum
388 2918 529 2987 produxit,
538 2927 564 2970 et
575 2916 776 3002 admirationem
788 2920 832 2975 sibi
842 2925 954 2990 peperit.
963 2919 1021 2974 Hoc
1029 2931 1118 2974 tamen
1125 2916 1235 2984 insigne

272 3012 423 3083 aedssrchun
444 3027 514 3066 anuo
535 3011 604 3080 1⁶72.
622 3011 667 3064 die
684 3023 721 3075 ιε.
740 3013 825 3077 Iulii,
845 3017 924 3067 ianua
937 3051 945 3076 ‚
958 3009 1105 3090 plusquam
1117 3024 1235 3070 centum

274 3109 370 3162 ictibus
393 3106 552 3169 effractum,
572 3105 639 3159 hanc
667 3108 855 3170 tristissimam,
875 3111 912 3164 vti
937 3109 1058 3177 superius
1088 3111 1141 3162 iam
1164 3108 1232 3162 mo'-
1337 3165 1338 3174 ,

274 3204 365 3254 uirum
388 3199 446 3263 est,
464 3202 580 3264 sortem,
608 3203 699 3254 omnia
718 3218 766 3268 per
784 3195 953 3270 Hungari'am
973 3201 1117 3272 Gymnasa
1135 3202 1233 3258 Euan·
1337 3195 1338 3203 ¹

280 3297 366 3362 getica
384 3293 535 3359 subierunt,
555 3293 697 3351 iuuentute
712 3281 877 3366 Euangelice
896 3289 945 3366 pei
965 3306 1051 3352 totum
1070 3299 1233 3356 decennium

239 3381 241 3385 ’
272 3387 321 3438 vix
338 3397 392 3437 non
412 3381 572 3438 filnescente.

93 3561 97 3566 .
212 3471 251 3570 h)
269 3495 350 3554 Initio
365 3500 427 3554 iam.
438 3499 516 3552 seculi
530 3499 676 3568 superioris
694 3503 823 3568 sionrisse,
842 3507 918 3582 prius
934 3503 1091 3560 docuimus:
1110 3504 1229 3558 exordio

272 3591 419 3661 praesentis
433 3590 576 3646 Mecadnas
594 3598 652 3650 eius
674 3597 825 3668 Stephanus
842 3598 987 3666 Illyeshaizi
1012 3599 1168 3662 Palatinus,
1189 3601 1233 3652 in-

274 3683 453 3746 staurandum,
476 3695 504 3740 et
527 3687 645 3754 amplius
665 3689 870 3758 prouehendurn
896 3695 1058 3764 susceperat,
1078 3695 1122 3748 sed
1143 3704 1234 3750 morte
1336 3675 1337 3684 ἵ

214 3845 223 3868 1
271 3790 454 3848 praeuentus,
473 3779 587 3848 Coniugi
604 3782 666 3836 inae
685 3783 846 3844 Catharirrae
870 3789 946 3842 Parffi
963 3789 996 3843 ah
1015 3787 1105 3844 Erdod
1122 3788 1232 3858 persici-

271 3874 382 3938 endum,
397 3874 492 3928 vitima
513 3877 650 3932 vuluntate
672 3881 810 3938 commifit.
840 3881 973 3938 'Poffiaeo
993 3881 1130 3937 Heroinae
1152 3881 1235 3936 huius

188 3955 192 3962 ’
273 3965 391 4022 Tabulas
409 3967 586 4026 Fundationis
604 3972 649 4024 die
672 3991 729 4028 nna
745 3975 820 4046 Sept.
841 3979 914 4046 1609.
940 3979 1066 4046 scriptas,
1085 3981 1113 4030 in
1135 3977 1236 4046 quibus

272 4059 410 4130 postquam
423 4064 597 4132 exposuisset,
607 4062 735 4120 diatritum
747 4069 820 4122 suum
829 4069 996 4138 Stephanum
1009 4050 1154 4137 ru'yeshazi
1166 4085 1237 4138 opus

263 4149 315 4216 hot
353 4155 511 4212 constituere
542 4157 720 4230 proposuisse,
739 4163 915 4217 rriirilominus
934 4172 1021 4220 morte
1046 4175 1237 4235 praetentum.
