2618 4656
365 295 835 383 PROLEGOMENA.
999 331 1093 404 -19
1178 391 1180 398 ¹

130 472 176 554 ris
205 473 411 566 illustribus
438 473 539 580 salt)
568 475 744 582 operibus
775 501 822 554 ue
848 475 1000 556 illorum
1027 501 1092 556 va-

125 579 213 676 riis,
240 601 374 686 parte,
412 579 478 657 nist
509 603 568 656 rue
598 580 721 658 omnia
788 576 908 678 liunt,
951 581 1091 662 laboris

123 678 273 787 suscepti
300 681 543 779 difficillima,
582 703 694 786 atquc
723 681 813 761 idco
844 684 956 762 etiam
986 685 1024 761 in
1053 683 1094 762 fi·

122 809 202 862 nem
221 785 578 864 commentariorum
599 787 758 883 reiecta,
788 809 891 866 more
921 783 1036 864 solito
1057 811 1095 864 a·

124 907 237 990 getur.
292 890 378 966 Vbi.
396 885 624 985 ostendetur,
649 889 834 966 neminem
881 887 1003 968 torsus
1027 914 1093 968 eo-

122 1015 195 1066 rum
224 993 361 1069 omitti
390 990 550 1090 debere,
589 1011 701 1096 atque
732 989 828 1071 adeo
855 915 920 1070 bie
945 992 1095 1070 exulare

120 1089 223 1201 sexus
269 1096 388 1172 etiarn
418 1095 631 1190 rationem,
670 1092 929 1172 conditionem
966 1096 1093 1192 vitae,

121 1197 286 1276 nationis
322 1195 598 1293 diuerstatem,
636 1197 770 1274 aetatis
802 1195 1017 1296 discrimen,
1056 1219 1096 1276 et

122 1323 385 1404 quemcunque
408 1295 557 1378 demum
576 1298 771 1401 religionis
793 1297 995 1378 dissensum.
1032 1301 1094 1382 De

85 1401 222 1491 „libris
246 1425 408 1508 quoque
427 1402 525 1479 varii
548 1402 696 1506 generis
719 1401 1096 1506 singularumartium,

121 1528 160 1580 ac
192 1501 288 1582 disci
318 1506 472 1584 linarum
505 1505 684 1583 incertas
713 1506 944 1585 materiarum
969 1505 1094 1587 classes

122 1531 368 1705 diuidendis,
406 1626 446 1685 ct
470 1617 642 1686 accurato
668 1605 831 1704 ordine,
870 1609 910 1688 in
933 1607 1007 1686 hoc
1031 1633 1097 1685 eo·
1131 1647 1134 1668 ι

124 1707 213 1814 dem
231 1711 338 1816 libro
361 1707 624 1806 collocandis,
653 1730 766 1814 atque
778 1709 919 1790 ‘debito
941 1735 1023 1789 cum
1043 1711 1098 1788 iu-

124 1809 228 1893 ditio
252 1811 490 1892 recensendis
525 1837 591 1918 pat
611 1814 670 1891 est
695 1815 803 1893 tatio.
866 1815 953 1893 Huc
976 1839 1021 1894 vs
1054 1839 1100 1890 ue

128 1938 271 1995 auctor.
324 1917 416 1995 Hoc
434 1939 554 2019 opus,
583 1915 659 1992 hoc
682 1913 842 1994 studium
861 1915 1006 2014 fuisset,
1026 1841 1099 1992 dra-

127 2017 336 2122 builsctque
365 2017 480 2122 patria
523 2015 637 2094 cedro
677 2042 842 2121 auroque
887 2017 1100 2122 digniorem

126 2119 357 2198 thesaurum:
387 2119 411 2194 fi
432 2119 538 2221 quod
558 2119 813 2226 proposuerat,
833 2122 1100 2227 optimushic-
1188 2133 1193 2140 '

126 2247 166 2300 ce
187 2224 330 2330 patriae
360 2221 478 2322 ciuis,
507 2219 757 2302 consummare
777 2223 964 2329 potuisset.
1019 2222 1096 2302 Sed

128 2325 209 2430 spes
232 2324 339 2403 hasce
369 2326 511 2404 nostras
547 2327 810 2430 pulcherrimas
840 2351 941 2405 mors
972 2325 1099 2404 inuida

129 2429 344 2534 praeuertit.
411 2426 566 2505 Occidit
594 2428 722 2526 eheu,
762 2452 935 2509 moerore
962 2429 1119 2523 animis

129 2533 296 2634 vigiliis,
328 2530 706 2637 peregrinationibus,
736 2525 954 2629 laboribus,
990 2557 1101 2635 angu-

131 2637 285 2740 stiisque
313 2633 595 2730 oeconomicis,
626 2655 800 2740 apparatu
825 2630 892 2712 suo
919 2660 996 2714 non
1027 2660 1103 2711 me·
1203 2639 1205 2644 '
1276 2613 1278 2622 Α

132 2736 268 2835 diocri,
299 2735 551 2813 bibliothecae
568 2733 787 2814 Pannonum
804 2737 1098 2840 Vittenrbergae‚
1137 2778 1139 2800 ι

131 2841 262 2920 ultima
281 2839 478 2918 voluntate
496 2839 642 2936 relicto,
672 2853 824 2917 enectus
846 2841 962 2944 prius,
993 2865 1103 2944 quam

133 2945 238 3049 plura
262 2939 351 3020 dare
374 2939 571 3046 potuisset„
610 2963 756 3047 praeter
782 2945 1013 3044 Prolrgommn
1033 2971 1102 3040 ope-

133 3052 192 3144 ris,
222 3069 318 3166 quae
339 3045 410 3124 ism
423 3044 593 3124 breuiter
614 3041 895 3123 recensebimus.
948 3045 1018 3124 Ait
1032 3054 1104 3143 ρι’-ιζ
1221 3122 1223 3132 .

134 3173 216 3224 rtrum
235 3172 275 3224 m
296 3148 366 3243 eis,
388 3144 437 3225 de
457 3168 585 3224 natura
604 3167 643 3222 et
663 3147 793 3225 indole
815 3146 895 3226 hist.
908 3147 1103 3254 littgHun-

136 3253 302 3354 garitae,
340 3247 388 3328 de
422 3251 549 3328 naeuis
582 3252 718 3430 gastim
747 3247 960 3358 disciplinae
992 3254 1116 3330 huius·
1235 3341 1244 3358 .

135 3353 591 3458 variis,'partimvirtut1
618 3377 676 3451 us,
707 3355 951 3458 ornamentis,
981 3359 1105 3474 requi-

136 3455 211 3538 stis
240 3477 279 3533 et
300 3455 535 3536 cautionibus
551 3454 754 3550 nonnullis,
783 3457 985 3561 partitione
1008 3483 1103 3546 crus,
1176 3521 1179 3526 .

138 3585 248 3664 quarn
276 3555 383 3663 supra
413 3557 648 3637 exhibuimus
679 3581 791 3666 atque
818 3585 897 3638 cam
922 3557 1105 3638 tractandi

138 3659 324 3741 methodo
346 3657 499 3752 diuersi.
563 3645 708 3740 Transit
727 3666 854 3762 denique
878 3659 925 3740 nd
950 3659 1128 3765 scripto·¹
1203 3715 1209 3730 ,

139 3789 196 3846 tes
229 3765 407 3868 antiquos
434 3785 473 3841 et
501 3767 728 3844 recentiores
758 3790 799 3870 ty
827 3767 1103 3870 is-cxpreffos,
1132 3821 1136 3832 ,

137 3868 344 3974 exquibus
367 3867 446 3946 hist.
464 3867 538 3948 litt.
560 3867 773 3971 Hungariae
797 3793 931 3948 dauriri
961 3867 1102 3972 potest,

140 3970 413 4074 chronologice
430 4015 432 4020 .
448 3967 693 4050 recensendos
715 4031 726 4070 ,
780 3970 945 4057 adiecto.
964 3971 1104 4074 vbique
1191 4057 1213 4076 ν,

139 4071 283 4158 iudicio
305 4075 555 4188 pragmaticos
585 4077 692 4150 altimo
713 4099 806 4155 vero
831 4071 1015 4180 subiungit
1041 4095 1101 4155 au-

610 4199 692 4276 Ba
