2618 4662
498 301 753 364 mesaab-
960 297 1128 388 '¹8⁷

105 465 244 558 studio,
279 463 467 544 valedicere
497 467 711 542 constitutum
731 464 797 559 ell,
834 465 933 552 valde
957 455 1040 573 vtile
1057 461 1130 559 sue-
1208 549 1210 556 ¹

106 579 173 659 rit,
207 571 233 644 li
269 573 440 648 nonnullis
474 577 557 646 Iuris
589 574 734 660 Naturae
769 588 802 642 et
826 574 925 644 Patrii
954 577 1128 672 principiis

92 677 153 748 'ita
185 675 375 747 imbuantur
388 703 397 745 :
410 715 418 724 —
433 693 468 747 vt
497 681 531 747 in
551 671 828 774 frequentioribus
851 679 940 746 vitae
962 673 1128 775 quotidia-
1210 677 1214 683 ’

105 805 172 851 nae
203 784 351 862 euentis,
380 773 519 850 confilio
542 775 600 850 libi
627 770 752 860 adesse,
776 783 828 846 ‘a'c
842 782 987 876 negotia
1015 805 1034 851 e
1060 778 1129 877 pla·
1166 803 1168 806 ·

107 887 191 974 citis
217 886 299 954 luris
337 883 523 978 Hungarici
554 876 695 951 delinire
722 884 910 964 nouerint,
948 881 999 952 vti
1026 875 1129 954 sunt:
1191 901 1194 908 ’

107 987 207 1056 Pacta
216 997 229 1068 ,'
265 986 462 1068 Conuenta,
500 977 753 1080 stipulationes,
779 980 1018 1070 Tellamenta,
1063 1003 1126 1056 cet.

102 1081 353 1158 'Condiscendi's
375 1109 455 1156 vero
480 1087 531 1156 his
552 1079 694 1158 scientiis
716 1101 780 1153 tres
798 1087 963 1156 Doctores
989 1083 1126 1174 addicti,

103 1193 310 1288 trienniique
335 1206 466 1286 tempus
485 1185 530 1258 cll
546 1183 797 1286 ,constitutum
836 1211 903 1286 quo
922 1183 1035 1286 'elapso
1055 1215 1127 1260 eur·

105 1287 160 1364 sus
180 1293 445 1373 Grammaticae,
474 1295 565 1362 cuius
584 1283 702 1360 clallis·
725 1313 862 1385 uprema
884 1285 939 1362 seu
963 1295 1128 1382 syntaxis

107 1393 247 1466 ultimus
274 1372 539 1476 elllterminus,
575 1393 770 1462 terminatur
796 1395 924 1476 ita,·vt
949 1389 1124 1493 discipuli,
1161 1460 1163 1466 ,

134 1501 169 1567 ui
189 1491 351 1568 sufficiens
380 1490 531 1566 solertiae
552 1489 628 1578 suae
652 1512 685 1564 et
708 1499 932 1566 contentionis
954 1490 1123 1594 specimen

107 1523 296 1683 dedissent,
312 1599 480 1696 'legitimis
505 1595 651 1669 instructi
681 1591 876 1668 testimoniis
895 1594 1123 1686 dimittantur,

103 1720 163 1772 aut
197 1699 246 1773 ad·
262 1697 443 1793 Gymnalia
461 1699 711 1772 humanioribus
738 1697 853 1770 litteris
875 1697 1034 1785 destinata
1049 1711 1126 1774 'tra-

108 1799 287 1878 ducantur.¹
348 1807 580 1888 Enimvero,
623 1798 664 1872 ad
688 1797 949 1900 pernoscendam
982 1805 1125 1904 penitius
1227 1818 1231 1827 “

88 1911 310 1980 -·tractationis
330 1903 497 1977 omnium'
511 1908 634 1977 horum
663 1899 1126 1993 studiorunroeconomiam‚
1175 1979 1177 1986 ,

105 2027 264 2110 opportet
294 2007 481 2128 paullulum
515 2007 729 2116 explicatius,
769 2004 814 2081 'de
837 2005 976 2109 singulis
991 2021 1121 2110 ,agere

565 2214 597 2311 §-
624 2234 668 2306 15·

213 2421 437 2516 Principatum
462 2435 554 2490 tenet
574 2409 660 2487 inter
683 2413 789 2490 liudis
810 2423 846 2490 in
869 2415 991 2493 scholis
1008 2421 1124 2492 Gram·

109 2525 240 2596 maricis
273 2518 357 2594 tradi
383 2516 500 2606 solita,
545 2520 716 2618 Titulogia
754 2521 949 2610 rarrrlctira,
995 2527 1125 2594 auctior

106 2624 188 2711 illa,
212 2649 317 2722 qutun
336 2629 375 2711 in
395 2622 596 2708 vernaculis,
625 2649 709 2724 quae
740 2627 849 2724 captui
872 2647 1125 2724 puerorumuac·

109 2723 363 2811 commodata,
403 2747 453 2798 ter
483 2751 545 2825 pro
580 2751 722 2798 numero
761 2753 928 2800 annorum
959 2725 1123 2828 gradatim

109 2827 296 2915 excolitur,
323 2834 432 2928 itaque
463 2849 671 2928 comparatae
698 2847 733 2900 vt
752 2823 975 2902 adolescentes
1005 2827 1121 2904 sensim

107 2931 248 3008 induant
264 2955 386 3024 mores,
411 2936 552 3004 homine
575 2930 763 3018 christiano,
789 2935 964 3033 proboque
987 2935 1060 3006 ciue
1074 2931 1122 3006 di-

105 3061 203 3136 gnos.
231 3039 385 3134 Tempus
400 3033 507 3122 studio
527 3037 607 3104 huic
626 3031 773 3108 dicatum
788 3036 845 3119 ell,
858 3041 938 3110 Dies
947 3041 1120 3110 Dominici

108 3158 142 3216 et
166 3134 262 3222 felli,
278 3151 358 3238 .quo
385 3144 428 3223 ita
448 3158 558 3210 tenera
584 3142 650 3211 iam
671 3157 779 3224 aetas,
806 3133 849 3210 ad
866 3145 927 3210 rite
956 3139 1120 3230 celebran-

109 3239 172 3318 dos
204 3231 274 3312 dies
296 3245 388 3328 hos,
406 3247 600 3342 pietatisque
626 3247 898 3314 exercitationem
919 3237 1125 3326 consueliat,

108 3343 285 3432 etmalis,
327 3364 413 3416 aetas
446 3347 529 3416 haec
551 3348 696 3430 incerta,
739 3346 856 3444 quibus
880 3342 947 3446 ipsa
970 3342 1029 3418 fibi
1048 3345 1121 3421 reli·

107 3465 166 3546 cta
182 3442 385 3548 'plerumque
413 3445 569 3548 expostta-
586 3445 658 3534 ert,
690 3451 865 3545 eripiatur:
903 3474 976 3521 non
1008 3451 1119 3520 minus

55 3550 60 3562 '
105 3548 222 3624 diebus
256 3551 389 3651 quoque
428 3549 589 3624 Mercurii
633 3567 665 3620 et
706 3550 886 3636 Sabbathi,
926 3546 984 3622 sub
1016 3549 1119 3625 finem

104 3649 239 3726 scholae
252 3680 254 3688 ’
267 3653 440 3754 peculiaris
471 3653 609 3728 habetur
626 3657 674 3724 rei
689 3655 786 3724 huius
810 3673 897 3725 eura.
938 3657 940 3669 '
961 3657 1119 3728 Ceterum

106 3775 263 3856 opportet
287 3753 394 3828 lacere
424 3759 627 3828 catechetam
651 3761 783 3828 initium
808 3783 826 3827 a
850 3757 941 3828 breui
968 3757 1120 3830 cohorta-

106 3865 223 3945 tione,
258 3873 322 3960 qu'a
346 3865 527 3944 iuuentus,
564 3856 605 3930 ad
631 3855 831 3956 praebendas
855 3853 1004 3932 solertius
1028 3879 1118 3932 aures
1167 3881 1171 3902 ·

104 3963 282 4036 incitatur:
309 3959 452 4064 denique
474 3961 677 4050 dictionem,
717 3961 810 4032 breui
831 3966 1020 4036 orationem
1040 3989 1116 4062 pro·

102 4065 217 4170 pofitis
245 4069 430 4168 veritatibus
458 4041 581 4176 idonea
606 4061 835 4172 ›concluder03
868 4083 903 4170 vt
936 4090 996 4153 ea,
1031 4077 1115 4168 quae
