2680 4662
277 425 311 482 V.
328 409 421 484 Dsnn
441 427 539 496 scripsi
562 431 590 482 in
613 447 638 500 4.
664 430 740 498 spissa
759 431 812 484 duo
836 427 986 484 Volumina
1003 430 1152 497 polemica,
1173 447 1216 484 vi·
1302 447 1303 450 ’

279 525 321 574 ria
340 525 506 586 eruditione,
537 527 662 592 inprimis
683 527 869 593 antiquitatum
892 523 964 578 Eccl.
993 537 1021 578 et
1042 524 1147 580 Parium
1170 545 1214 586 uo-

238 601 240 610 ’
282 619 342 688 pitia
371 617 556 686 resertillium,
587 636 701 688 quorum
722 618 825 672 sensum
846 618 919 670 tituli
943 618 1069 676 indicant.
1107 619 1218 677 mucro

282 709 337 762 est:
373 711 458 779 Ignea
478 715 612 764 sericatis
629 705 807 782 Euangelicae
825 714 947 766 columna
966 743 993 754 --
1012 742 1039 756 ··
1075 713 1218 782 Perspecci·
1303 786 1304 789 Ἴ

282 824 315 856 uo
332 808 419 880 ruinas
427 807 570 878 perspicuo
583 807 791 860 nonauemmue
807 808 984 877 Hocpuardr',
1001 805 1125 858 Monaesi
1138 807 1220 860 Fran·

283 899 384 964 ciscani
399 902 630 954 Amaleclritarum
653 900 740 960 iullar
761 894 851 962 castra*
868 901 982 954 Domini
991 938 998 961 ,
1026 902 1092 952 bello
1109 901 1219 968 offerpsao

197 1031 202 1046 .
284 997 440 1066 sinnadensis
457 993 576 1060 oppostta
601 995 629 1044 iu
645 991 811 1058 Huugaria,
838 1012 856 1045 a
873 996 910 1047 M.
926 996 1040 1048 Daniele
1055 993 1145 1064 laoy,
1168 995 1220 1046 Pa-

279 1078 352 1151 stori
374 1089 536 1154 Euangelico
554 1085 721 1154 Gasqocenst,
740 1078 905 1156 eiusdemque
924 1090 1053 1152 Dioecefis
1072 1093 1101 1141 in
1115 1091 1222 1142 Comita-

286 1180 316 1234 'tu
344 1179 477 1242 Nitrieufi
498 1179 617 1230 Seniore.
675 1177 846 1246 Vitrebergae
877 1181 956 1254 cypis
986 1181 1128 1234 Michaelis
1161 1179 1224 1234 Vens
1293 1236 1294 1241 ,

284 1278 362 1330 Anno
388 1280 464 1340 1⁶54·
519 1272 585 1325 Pars
604 1268 668 1324 haec
688 1270 726 1324 est
747 1271 902 1336 generalis,
927 1271 1049 1326 dedicata
1069 1271 1223 1328 Vniuerlrta-

286 1369 321 1421 tis
342 1365 549 1434 Vitteb'ergeusrs
578 1365 760 1425 Proceribus,
792 1365 934 1432 plusquam
963 1366 1049 1420 tribus
1071 1365 1223 1433 Alphabetis

287 1459 430 1522 constans,
459 1464 497 1515 ait
518 1461 552 1514 de
580 1475 616 1529 ¹7·
635 1460 679 1517 his
704 1458 858 1527 capitibus:
902 1457 936 1524 ι.)
961 1457 1004 1511 De
1026 1441 1059 1514 S.
1077 1459 1224 1526 Scriptura,

205 1543 207 1550 ¹
287 1559 378 1624 primo
401 1559 549 1624 principio,
581 1571 611 1607 ac
636 1557 712 1608 unica
740 1567 834 1604 norma
860 1551 1100 1607 controuersiarum
1121 1553 1179 1608 fidei
1201 1556 1226 1604 in
1306 1602 1309 1621 ,

227 1658 230 1669 ’
287 1645 361 1701 Eccl.
399 1647 439 1716 2.)
458 1647 500 1700 De
521 1647 598 1700 libris
615 1643 789 1714 apogrypbis.
825 1643 859 1699 V.
880 1643 913 1698 Τ.
959 1644 1001 1714 3.)
1020 1645 1063 1698 De
1085 1644 1226 1702 anthentica

290 1739 435 1808 scripturae
454 1741 587 1800 editione,
613 1753 640 1792 et
660 1739 817 1800 vernacula,
844 1737 927 1791 latina
947 1737 1077 1794 versione.
1131 1738 1172 1809 4.)
1190 1739 1226 1792 De
1302 1726 1310 1741 '¹

291 1827 491 1884 Traditiouibus
515 1847 568 1884 non
590 1831 702 1896 scriptis.
747 1829 787 1897 5.)
806 1830 848 1882 De
868 1829 1001 1884 Ecclesiae
1021 1833 1158 1888 Romanae
1176 1833 1229 1886 Au-

290 1923 414 1982 toritate,
451 1935 479 1977 et
498 1921 587 1990 Papae
601 1920 793 1978 ,Fallibilitate
835 1923 880 1991 ⁶.)
908 1923 951 1977 De
976 1927 1100 1978 consensu
1120 1923 1230 1980 Graecae

201 2055 203 2062 ,
292 2011 439 2080 orientalis
460 2017 591 2071 ecclesiae.
634 2016 676 2086 7.)
695 2017 738 2070 De
758 2019 907 2081 Conciliis,
937 2033 1085 2087 eorumque
1105 2017 1231 2074 Decretis.

292 2107 334 2174 8.)
355 2110 396 2162 De
416 2099 555 2172 Pasribus,
575 2125 722 2177 eorumque
742 2109 923 2166 Testimouiis.
961 2111 1002 2182 9.)
1020 2113 1064 2168 De
1084 2109 1230 2166 canonibus

293 2215 321 2258 et
339 2205 576 2259 Constitutionibus
594 2201 792 2270 Apostolorum.
841 2205 896 2273 co.)
915 2207 958 2260 De
977 2206 1107 2272 Licurgiis
1125 2205 1232 2274 Apono
1314 2235 1315 2270 ξ

293 2296 390 2350 lorum.
446 2297 495 2367 11.)
526 2297 569 2350 De
595 2295 781 2350 Decretalibus
808 2298 967 2352 Pontificum
995 2296 1075 2353 Rom.
1105 2295 1234 2365 Epistolis.

293 2387 348 2456 ια.)
380 2389 423 2442 De
444 2391 506 2444 Iure
531 2389 676 2451 Canonico.
734 2389 786 2458 13.)
811 2391 853 2442 De
876 2391 1066 2456 Scholasticis,
1095 2403 1236 2457 eorumque

266 2499 270 2511 ¹
292 2481 453 2551 Tlreologia.
491 2483 544 2554 14.)
565 2483 761 2552 ¹Delegendis
787 2481 963 2545 Sanctorum,
992 2497 1020 2540 et
1046 2487 1075 2538 in
1096 2485 1187 2552 specie
1206 2483 1236 2535 de

296 2578 455 2644 quibusdam
475 2576 579 2630 Sanctis
600 2576 772 2644 Papistarum.
810 2577 862 2645 15.)
881 2578 923 2630 De
939 2577 1059 2632 Lutlrero
1082 2589 1109 2632 et
1128 2560 1237 2646 Scriptis

296 2670 451 2736 nostratium
471 2671 631 2738 symbolicis.
685 2669 740 2737 1⁶.)
759 2671 802 2724 De
825 2673 947 2726 Concilio
966 2671 1134 2726 Tridentino.
1188 2669 1236 2740 η.)

295 2763 338 2818 De
354 2747 513 2825 Haeresrbus
525 2766 596 2832 {salso
614 2768 779 2833 euangelicis
801 2765 943 2818 attributis.
982 2763 1035 2820 Vel
1059 2783 1095 2820 ex
1115 2768 1156 2820 bis
1178 2769 1238 2820 titu-

297 2861 332 2912 lis
354 2869 443 2927 patet,
467 2865 556 2914 virum
584 2861 659 2914 fuisse
686 2861 898 2916 eruditiffimum.
953 2858 1091 2916 Volumen
1112 2863 1239 2918 alterurn,

298 2951 368 3006 bunc
388 2957 537 3028 praesefert
551 2955 684 3008 titulum:
728 2953 814 3020 Ignea
837 2953 972 3006 Veritatis
995 2956 1173 3025 Euangelicae
1200 2969 1240 3004 co·

297 3053 387 3104 sumna
417 3080 443 3092 --
463 3079 488 3094 -·
539 3047 712 3114 Perspecciuo
746 3049 833 3098 minus
861 3049 1008 3114 perspicuo
1038 3047 1243 3098 Bouauenrurae

298 3145 458 3214 Hocquardi
480 3134 605 3196 Moiraclti
626 3140 804 3205 Frarrciscani
826 3140 988 3211 allegatione
999 3140 1126 3206 suspecta
1143 3151 1168 3192 ec
1176 3141 1243 3206 sup·

293 3237 420 3306 pofiiicia
437 3237 572 3300 Parrum,
601 3239 777 3290 Co'rrciliorum
798 3233 917 3285 Orientis
938 3244 964 3284 et
981 3231 1144 3298 Occidentis,
1168 3233 1243 3286 Porr-

297 3332 402 3392 ir'ficum
418 3329 492 3381 Rom.
514 3329 701 3382 Traditionum
719 3329 898 3379 humanarum
901 3325 1139 3390 scholasticorum,
1157 3343 1187 3378 ac
1201 3325 1243 3376 d'e·

299 3427 379 3494 niqui
400 3424 514 3474 Lutum
522 3407 545 3484 ‚⁵
562 3423 678 3490 librique
693 3421 850 3473 concordiae
867 3420 1019 3479 diocorum,
1048 3421 1078 3470 in
1089 3417 1245 3487 peruersitas

295 3520 404 3584 sensum
424 3519 651 3586 deprauotorum,
677 3531 695 3566 o
717 3517 765 3565 via
788 3513 933 3572 veritatis,
964 3513 1004 3563 ad
1021 3511 1105 3562 deuia
1124 3523 1245 3562 errorum

257 3609 260 3612 ’
294 3611 411 3675 suarm
438 3613 568 3662 abducere
587 3639 612 3650 --
637 3609 739 3660 maiori
765 3616 878 3666 conatu,
907 3619 987 3671 quam
1003 3602 1122 3668 sucreffu
1148 3601 1246 3653 allobo-

300 3708 408 3768 rancis,
428 3707 547 3774 oppofita
565 3708 595 3756 iu
609 3702 760 3770 Himgaria
781 3715 800 3748 a
816 3697 854 3748 M.
866 3693 980 3747 Daniele
996 3693 1093 3765 Lany,
1114 3694 1184 3745 Eccs.
1194 3690 1250 3743 No·

276 3829 278 3834 ¹
300 3802 447 3868 aisosienfis
470 3800 511 3849 ad
525 3799 615 3848 aedem
634 3797 662 3848 S.
686 3792 854 3857 Elisabethae
873 3788 1003 3850 Pastore,
1033 3795 1060 3834 et
1078 3782 1246 3850 Presbytero.

303 3895 423 3962 Lipfiae,
446 3894 527 3963 Typis
546 3891 658 3943 Ioanrzis
679 3888 808 3954 Vittigau
826 3887 899 3944 1⁶59.
920 3885 949 3934 in
963 3892 1018 3950 4ro.
1034 3873 1106 3943 alph.
1122 3873 1178 3926 fere
1196 3871 1250 3923 lex.

302 3991 463 4044 Dedicatum
497 3985 596 4039 inclitis
629 3981 736 4034 statibus
763 3989 790 4032 et
813 3975 952 4028 ordinibus
976 3971 1070 4048 1Regni
1099 3964 1250 4030 Hungariae

264 4119 267 4128 ,
303 4083 496 4156 Euangebcis,
528 4080 645 4134 continet
670 4073 778 4129 Partem
803 4069 962 4140 specialem,
990 4065 1025 4120 de
1037 4061 1169 4133 Articulis
1193 4071 1250 4124 22¹2
