2644 4658
458 307 713 367 ψ
1056 325 1099 392 41

79 477 215 548 catione
241 499 315 549 eam
336 467 545 558 iudicalem,
571 471 803 574 interogasses:
830 473 1024 554 nonsolum
1039 479 1103 552 hae
1193 561 1199 570 ³

81 585 118 653 iu
142 603 201 666 re,
241 594 377 650 conatus
402 593 475 646 tuos
503 571 657 664 laudaui3
689 573 746 656 sed
776 585 897 670 etiam,
932 601 967 654 vt
990 585 1103 680 primo

107 705 219 782 uoque
244 697 396 784 tempore
419 676 672 781 promulgares,
696 697 739 752 »et
762 703 877 760 auctor
907 703 941 758 et
972 679 1104 759 adiutor

83 708 142 858 lui.
194 779 266 856 Etsi
289 787 380 856 euim
403 777 537 868 dubito,
566 787 646 884 quin
667 781 834 859 ludicrum
859 805 901 858 et
911 785 1039 888 puerile
1056 793 1103 860 via

86 885 201 960 deatur
229 909 300 958 non
321 889 457 986 paucis,
492 903 621 984 tempus
644 891 681 962 in
704 890 794 962 hisce
816 889 931 964 litteris
953 889 1008 970 vel
1028 915 1104 990 pro·

86 983 258 1098 pagandis,
283 987 455 1065 ueletiam
477 982 638 1064 discendis
663 985 875 1084 consumere:
902 1013 1015 1070 tamen
1038 1017 1104 1093 ego
1144 1020 1147 1030 ¹

87 1087 218 1202 prorsus'
237 1085 406 1184 diuersum
427 1083 554 1180 sentio,
581 1098 718 1193 remque
742 1091 880 1196 dignam
896 1092 961 1170 effe
973 1093 1104 1182 iudice,

89 1221 154 1300 quo
169 1219 243 1268 non
259 1189 370 1267 solum
384 1191 514 1272 nostrae
528 1200 632 1300 genti,
643 1190 699 1268 sed
715 1201 814 1272 etiarn
831 1205 947 1276 exteris
962 1205 1107 1273 nationi.

88 1303 144 1376 bus
153 1293 348 1394 innotescat.
376 1301 526 1370 Primum
537 1303 639 1382 enirn,
658 1295 683 1370 fi
699 1298 780 1372 aliae
794 1325 910 1374 omnes
921 1325 983 1374 nos
994 1307 1106 1374 eonie.

90 1423 197 1476 cturae
207 1399 406 1485 desiderent,
431 1426 473 1472 ex
487 1402 537 1470 his
555 1421 667 1474 tamen
681 1397 757 1480 solis
773 1402 887 1478 litteris
903 1423 995 1478 certo
1013 1401 1108 1476 colli·

89 1535 165 1610 gero
179 1501 363 1607 possumne,
374 1523 510 1604 gentem
518 1507 718 1602 Vngaricam
734 1501 797 1581 offe
814 1505 917 1608 louge
927 1499 1109 1612 ‚antiquill-

92 1639 192 1700 mam,
210 1630 242 1680 et
258 1605 544 1708 abOrigeutalibus
557 1605 985 1718 illie,AsratipisqueScythis
997 1615 1109 1684 oriun-

94 1713 180 1800 dam,
197 1742 217 1786 a
232 1711 351 1816 quibus
361 1715 510 1802 Cyrum,
536 1715 697 1796 Darium,
725 1732 757 1782 et
773 1718 854 1789 alios
867 1709 1110 1818 potentiffimoe
1148 1707 1151 1732 '

93 1821 293 1895 Monarehas
307 1809 457 1886 deuictos
471 1812 623 1911 legimus.
650 1818 740 1887 Nam
755 1813 836 1888 sicut
851 1819 1008 1907 Hebraei,
1019 1821 1108 1907 Syri,

97 1918 267 2008 Chaldaei,
295 1919 429 2000 Arabes,
454 1934 486 1985 et
507 1919 661 2001 Turcae,
689 1923 872 2022 caeterique
888 1919 1108 2024 Origentales,
1200 2011 1204 2020 ι

96 2053 115 2098 a
142 2022 255 2101 dextra
286 2018 329 2092 ad
355 2017 548 2104 sinistrum,
576 2037 692 2096 contra
717 2025 940 2116 Graecorum,
976 2028 1110 2102 Latino·

96 2153 234 2228 rumque
248 2115 402 2210 morein,
430 2141 562 2198 exarant
585 2118 654 2204 suas
677 2123 818 2196 litteras:
846 2133 891 2198 ita
910 2130 1112 2207 etiam‘haec

98 2230 201 2310 nostra
230 2228 395 2304 elementa
421 2223 521 2305 simili
544 2231 672 2298 ratione
707 2219 896 2308 scribuntur.
949 2225 994 2308 Id.
1019 2225 1113 2330 quod

98 2333 150 2406 vel
170 2358 212 2404 ex
236 2357 278 2403 eo
307 2321 417 2432 patet,
445 2325 537 2430 quod
562 2354 633 2403 uon
656 2324 766 2404 solum
792 2357 1011 2412 communem
1035 2360 1113 2432 pro·¹

101 2431 292 2519 nuntiandi,
329 2450 425 2532 atque
457 2426 637 2524 scribendi,
674 2431 931 2536 inflectendique
954 2461 1035 2508 cum
1055 2439 1113 2508 he·
1162 2467 1165 2477 ’

100 2541 198 2618 bracis
228 2535 399 2618 vocabulis
426 2539 594 2640 rationem
623 2533 731 2616 uestra
752 2537 897 2612 habeatr
932 2535 1114 2629 sedetiam
1205 2553 1207 2561 ¹

100 2641 248 2716 sexcenta
273 2657 306 2710 et
330 2638 470 2738 amplius¹
488 2642 708 2738 reperiantur,
737 2667 820 2740 quae
846 2663 923 2730 tarn,
940 2639 1028 2742 apud
1044 2646 1114 2723 He·
1178 2675 1180 2682 v

101 2747 232 2830 bracos,
272 2769 373 2843 quam
395 2739 483 2841 apud
505 2767 592 2826 noe,
629 2741 771 2833 eandem
802 2739 871 2818 fere
901 2741 1114 2846 significatio·

103 2873 175 2930 nem
202 2851 384 2925 obtineant.
436 2840 568 2923 Deinde
595 2863 666 2922 utut
692 2849 795 2935 haec,
832 2848 917 2922 nihil
947 2845 988 2920 ad
1017 2851 1114 2928 huius

103 2953 296 3025 litteraturae
325 2944 655 3019 commendationem
688 2946 830 3020 faciant:
873 2969 985 3025 tamen
1010 2953 1116 3040 hone,

104 3052 273 3136 liilsrmum'
294 3044 423 3152 semper
450 3051 599 3128 habiturn
622 3050 687 3137 est,
715 3079 1007 3154 unamquamque
1036 3044 1117 3154 gen·
1180 3086 1185 3092 ·

105 3175 186 3242 tem,
212 3151 373 3256 peculiari
396 3153 574 3227 litteratura
597 3159 662 3238 vti,
697 3173 794 3256 atque
822 3151 899 3236 frui.
952 3154 1116 3236 Videmus
1225 3147 1226 3152 ἵ

107 3266 192 3334 enim
217 3253 424 3358 paucilluuas
454 3276 569 3356 gentes
595 3253 680 3344 esse,
724 3263 874 3358 alioquin
903 3261 1061 3335 ciuilitate
1084 3277 1117 3330 et
1233 3265 1241 3282 '

106 3361 215 3464 politia
240 3357 465 3446 excellenter,
507 3385 589 3464 quae
620 3354 811 3459 specialibus
845 3362 959 3436 litteris
986 3363 1118 3462 linguas

107 3464 171 3542 suas
188 3471 375 3564 exprimere
405 3461 546 3562 pollina
603 3467 692 3534 Nam
725 3484 811 3535 certe
836 3492 899 3544 nec
922 3467 1019 3552 Itali,
1055 3491 1119 3536 nee

108 3563 270 3668 Hispani,
296 3591 360 3638 nec
385 3565 493 3653 Galli,
520 3592 581 3638 nec
608 3561 787 3651 Germani,
816 3575 967 3668 proprios
996 3568 1118 3641 habent
1161 3647 1165 3654 ,

109 3675 324 3754 characterem
357 3663 415 3742 'sed
446 3696 562 3744 omnes
593 3671 938 3769 eor.uru¹populorum
970 3671 1118 3756 litterae„

109 3802 146 3846 ex
160 3776 274 3888 lingua
287 3775 405 3865 latina,¹
430 3793 486 3844 tan
510 3799 588 3856 uam
612 3769 706 3854 fonte
727 3785 975 3872 promanarunt.
1019 3777 1120 3845 Grae-

111 3884 138 3948 ci
161 3877 298 3978 quidem
331 3877 465 3978 gloriati
488 3800 584 3962 lunt,
617 3872 650 3958 se
685 3901 725 3946 ex
760 3881 937 3956 Phoenicia
957 3876 1120 3964 litteras,

113 3976 215 4059 nescio
247 4007 316 4081 quo
336 3981 475 4052 'auctore
508 3976 667 4060 attuliffe:
704 3980 781 4051 aliae
812 4007 891 4051 vero
929 4006 970 4058 ex
998 4005 1139 4078 gruum,

115 4084 218 4161 volatu
239 4079 461 4186 excogitasse,
486 4088 522 4156 in
547 4107 712 4184 eumque,
741 4082 841 4186 quem
864 4109 954 4160 uuuo
970 4067 1121 4156 videmui
1216 4152 1227 4180 ὲ

713 4252 749 4322 ⁴.
