<?xml version="1.0" encoding="UTF-8"?>
<!DOCTYPE html PUBLIC "-//W3C//DTD XHTML 1.0 Transitional//EN"
    "http://www.w3.org/TR/xhtml1/DTD/xhtml1-transitional.dtd">
<html xmlns="http://www.w3.org/1999/xhtml" xml:lang="en" lang="en">
 <head>
  <title>
</title>
<meta http-equiv="Content-Type" content="text/html;charset=utf-8" />
  <meta name='ocr-system' content='tesseract 3.04.00' />
  <meta name='ocr-capabilities' content='ocr_page ocr_carea ocr_par ocr_line ocrx_word'/>
</head>
<body>
  <div class='ocr_page' id='page_1' title='image "./conspectusreipu00wallgoog_0331.png"; bbox 0 0 2618 4662; ppageno 0'>
   <div class='ocr_carea' id='block_1_1' title="bbox 194 315 826 408">
    <p class='ocr_par' dir='ltr' id='par_1_1' title="bbox 194 315 826 408">
     <span class='ocr_line' id='line_1_1' title="bbox 194 315 826 408; baseline -0.003 0"><span class='ocrx_word' id='word_1_1' title='bbox 194 327 258 408; x_wconf 78' lang='lat' dir='ltr'><strong>ut</strong></span> <span class='ocrx_word' id='word_1_2' title='bbox 565 315 826 380; x_wconf 52' lang='lat' dir='ltr'><strong>*W</strong></span> 
     </span>
    </p>
   </div>
   <div class='ocr_carea' id='block_1_2' title="bbox 184 485 1289 2742">
    <p class='ocr_par' dir='ltr' id='par_1_2' title="bbox 99 485 1289 2742">
     <span class='ocr_line' id='line_1_2' title="bbox 237 485 1197 585; baseline -0.014 -18"><span class='ocrx_word' id='word_1_3' title='bbox 237 485 402 582; x_wconf 77' lang='lat' dir='ltr'><strong>Naturalis</strong></span> <span class='ocrx_word' id='word_1_4' title='bbox 418 485 568 562; x_wconf 65' lang='lat' dir='ltr'><strong>sf&#39;tsuius</strong></span> <span class='ocrx_word' id='word_1_5' title='bbox 602 491 697 562; x_wconf 72' lang='lat' dir='ltr'><strong>enan</strong></span> <span class='ocrx_word' id='word_1_6' title='bbox 733 487 993 576; x_wconf 79' lang='lat' dir='ltr'><strong>institutionibus</strong></span> <span class='ocrx_word' id='word_1_7' title='bbox 1025 485 1197 585; x_wconf 82' lang='lat' dir='ltr'><strong>adparatus</strong></span> 
     </span>
     <span class='ocr_line' id='line_1_3' title="bbox 237 586 1198 694; baseline -0.011 -26"><span class='ocrx_word' id='word_1_8' title='bbox 237 593 297 669; x_wconf 87' lang='lat' dir='ltr'><strong>isle</strong></span> <span class='ocrx_word' id='word_1_9' title='bbox 333 597 526 694; x_wconf 76' lang='lat' dir='ltr'>cumprimis</span> <span class='ocrx_word' id='word_1_10' title='bbox 560 586 709 664; x_wconf 86' lang='lat' dir='ltr'><strong>deseruit.</strong></span> <span class='ocrx_word' id='word_1_11' title='bbox 788 589 939 666; x_wconf 89' lang='lat' dir='ltr'><strong>Secunda</strong></span> <span class='ocrx_word' id='word_1_12' title='bbox 977 589 1027 664; x_wconf 81' lang='lat' dir='ltr'><strong>esl</strong></span> <span class='ocrx_word' id='word_1_13' title='bbox 1069 588 1198 666; x_wconf 77' lang='lat' dir='ltr'><strong>Camere</strong></span> 
     </span>
     <span class='ocr_line' id='line_1_4' title="bbox 237 691 1281 798; baseline -0.012 -24"><span class='ocrx_word' id='word_1_14' title='bbox 237 698 392 798; x_wconf 71' lang='lat' dir='ltr'><strong>Phpssco,</strong></span> <span class='ocrx_word' id='word_1_15' title='bbox 420 698 523 795; x_wconf 86' lang='lat' dir='ltr'><strong>probe</strong></span> <span class='ocrx_word' id='word_1_16' title='bbox 545 710 660 768; x_wconf 78' lang='lat' dir='ltr'><strong>ornata</strong></span> <span class='ocrx_word' id='word_1_17' title='bbox 675 700 770 768; x_wconf 89' lang='lat' dir='ltr'><strong>omni</strong></span> <span class='ocrx_word' id='word_1_18' title='bbox 791 721 829 767; x_wconf 85' lang='lat' dir='ltr'><strong>ea</strong></span> <span class='ocrx_word' id='word_1_19' title='bbox 844 691 1091 796; x_wconf 75' lang='lat' dir='ltr'><strong>suppellectile,</strong></span> <span class='ocrx_word' id='word_1_20' title='bbox 1119 715 1200 794; x_wconf 86' lang='lat' dir='ltr'><strong>quae</strong></span> <span class='ocrx_word' id='word_1_21' title='bbox 1280 694 1281 722; x_wconf 66' lang='lat'>¹</span> 
     </span>
     <span class='ocr_line' id='line_1_5' title="bbox 238 790 1198 900; baseline -0.01 -27"><span class='ocrx_word' id='word_1_22' title='bbox 238 805 275 873; x_wconf 86' lang='lat' dir='ltr'><strong>in</strong></span> <span class='ocrx_word' id='word_1_23' title='bbox 299 798 525 900; x_wconf 87' lang='lat' dir='ltr'><strong>pertractanda</strong></span> <span class='ocrx_word' id='word_1_24' title='bbox 554 795 693 891; x_wconf 77' lang='lat' dir='ltr'><strong>Physica</strong></span> <span class='ocrx_word' id='word_1_25' title='bbox 711 797 970 899; x_wconf 80' lang='lat' dir='ltr'><strong>Experimentali</strong></span> <span class='ocrx_word' id='word_1_26' title='bbox 989 795 1039 868; x_wconf 84' lang='lat' dir='ltr'><strong>est</strong></span> <span class='ocrx_word' id='word_1_27' title='bbox 1052 790 1198 890; x_wconf 72' lang='lat' dir='ltr'><strong>necessa·</strong></span> 
     </span>
     <span class='ocr_line' id='line_1_6' title="bbox 236 895 1199 998; baseline -0.008 -23"><span class='ocrx_word' id='word_1_28' title='bbox 236 908 309 976; x_wconf 88' lang='lat' dir='ltr'><strong>sia:</strong></span> <span class='ocrx_word' id='word_1_29' title='bbox 351 900 439 978; x_wconf 86' lang='lat' dir='ltr'><strong>vnde</strong></span> <span class='ocrx_word' id='word_1_30' title='bbox 473 921 505 976; x_wconf 87' lang='lat' dir='ltr'><strong>et</strong></span> <span class='ocrx_word' id='word_1_31' title='bbox 524 930 601 974; x_wconf 90' lang='lat' dir='ltr'><strong>cura</strong></span> <span class='ocrx_word' id='word_1_32' title='bbox 624 898 795 988; x_wconf 80' lang='lat' dir='ltr'><strong>eisssdem,</strong></span> <span class='ocrx_word' id='word_1_33' title='bbox 828 904 972 988; x_wconf 77' lang='lat' dir='ltr'><strong>Ductori</strong></span> <span class='ocrx_word' id='word_1_34' title='bbox 1003 895 1199 998; x_wconf 83' lang='lat' dir='ltr'><strong>disciplinae</strong></span> 
     </span>
     <span class='ocr_line' id='line_1_7' title="bbox 235 1002 1199 1106; baseline -0.008 -27"><span class='ocrx_word' id='word_1_35' title='bbox 235 1009 331 1079; x_wconf 89' lang='lat' dir='ltr'><strong>huius</strong></span> <span class='ocrx_word' id='word_1_36' title='bbox 357 1005 401 1078; x_wconf 85' lang='lat' dir='ltr'><strong>est</strong></span> <span class='ocrx_word' id='word_1_37' title='bbox 429 1002 612 1079; x_wconf 71' lang='lat' dir='ltr'><strong>commissas</strong></span> <span class='ocrx_word' id='word_1_38' title='bbox 649 1009 793 1082; x_wconf 31' lang='lat' dir='ltr'><strong>*Tenis</strong></span> <span class='ocrx_word' id='word_1_39' title='bbox 830 1003 974 1106; x_wconf 87' lang='lat' dir='ltr'><strong>denique</strong></span> <span class='ocrx_word' id='word_1_40' title='bbox 1001 1002 1051 1074; x_wconf 86' lang='lat' dir='ltr'><strong>est</strong></span> <span class='ocrx_word' id='word_1_41' title='bbox 1069 1005 1199 1076; x_wconf 69' lang='lat' dir='ltr'><strong>&amp;mara</strong></span> 
     </span>
     <span class='ocr_line' id='line_1_8' title="bbox 184 1105 1196 1208; baseline -0.001 -32"><span class='ocrx_word' id='word_1_42' title='bbox 184 1163 190 1176; x_wconf 92' lang='lat'><em>.</em></span> <span class='ocrx_word' id='word_1_43' title='bbox 236 1111 438 1194; x_wconf 69' lang='lat' dir='ltr'><strong>Mastousia,</strong></span> <span class='ocrx_word' id='word_1_44' title='bbox 476 1109 530 1182; x_wconf 90' lang='lat' dir='ltr'><strong>vbi</strong></span> <span class='ocrx_word' id='word_1_45' title='bbox 562 1108 762 1208; x_wconf 83' lang='lat' dir='ltr'><strong>exemplaria</strong></span> <span class='ocrx_word' id='word_1_46' title='bbox 776 1151 791 1195; x_wconf 68' lang='grc'><strong>4,</strong></span> <span class='ocrx_word' id='word_1_47' title='bbox 820 1105 878 1182; x_wconf 85' lang='lat' dir='ltr'><strong>seu</strong></span> <span class='ocrx_word' id='word_1_48' title='bbox 900 1107 1040 1182; x_wconf 87' lang='lat' dir='ltr'><strong>moduli</strong></span> <span class='ocrx_word' id='word_1_49' title='bbox 1073 1107 1196 1176; x_wconf 89' lang='lat' dir='ltr'><strong>machi·</strong></span> 
     </span>
     <span class='ocr_line' id='line_1_9' title="bbox 186 1205 1199 1310; baseline -0.01 -25"><span class='ocrx_word' id='word_1_50' title='bbox 186 1269 205 1278; x_wconf 89' lang='lat'><strong>..</strong></span> <span class='ocrx_word' id='word_1_51' title='bbox 236 1227 355 1286; x_wconf 81' lang='lat' dir='ltr'><strong>nanim</strong></span> <span class='ocrx_word' id='word_1_52' title='bbox 371 1218 546 1298; x_wconf 88' lang='lat' dir='ltr'><strong>omnium,</strong></span> <span class='ocrx_word' id='word_1_53' title='bbox 574 1209 637 1302; x_wconf 15' lang='lat' dir='ltr'><strong>seut</strong></span> <span class='ocrx_word' id='word_1_54' title='bbox 650 1210 873 1310; x_wconf 77' lang='lat' dir='ltr'><strong>simplicium,</strong></span> <span class='ocrx_word' id='word_1_55' title='bbox 911 1207 969 1283; x_wconf 89' lang='lat' dir='ltr'><strong>seu</strong></span> <span class='ocrx_word' id='word_1_56' title='bbox 995 1205 1199 1308; x_wconf 78' lang='lat' dir='ltr'><strong>composita-</strong></span> 
     </span>
     <span class='ocr_line' id='line_1_10' title="bbox 211 1310 1199 1416; baseline -0.009 -28"><span class='ocrx_word' id='word_1_57' title='bbox 211 1325 312 1388; x_wconf 83' lang='lat' dir='ltr'><strong>&#39;rum</strong></span> <span class='ocrx_word' id='word_1_58' title='bbox 341 1314 467 1416; x_wconf 86' lang='lat' dir='ltr'><strong>praesto</strong></span> <span class='ocrx_word' id='word_1_59' title='bbox 498 1310 598 1401; x_wconf 89' lang='lat' dir='ltr'><strong>sunt,</strong></span> <span class='ocrx_word' id='word_1_60' title='bbox 640 1341 751 1388; x_wconf 88' lang='lat' dir='ltr'><strong>earum</strong></span> <span class='ocrx_word' id='word_1_61' title='bbox 781 1320 1013 1414; x_wconf 79' lang='lat' dir='ltr'><strong>cumprimis,</strong></span> <span class='ocrx_word' id='word_1_62' title='bbox 1060 1335 1199 1412; x_wconf 87' lang='lat' dir='ltr'><strong>quarum</strong></span> 
     </span>
     <span class='ocr_line' id='line_1_11' title="bbox 238 1413 1197 1519; baseline -0.009 -28"><span class='ocrx_word' id='word_1_63' title='bbox 238 1413 311 1492; x_wconf 77' lang='lat' dir='ltr'><strong>usus</strong></span> <span class='ocrx_word' id='word_1_64' title='bbox 346 1417 393 1491; x_wconf 84' lang='lat' dir='ltr'><strong>ess</strong></span> <span class='ocrx_word' id='word_1_65' title='bbox 418 1417 628 1519; x_wconf 74' lang='lat' dir='ltr'><strong>pervulgatus</strong></span> <span class='ocrx_word' id='word_1_66' title='bbox 655 1427 692 1492; x_wconf 86' lang='lat' dir='ltr'><strong>in</strong></span> <span class='ocrx_word' id='word_1_67' title='bbox 715 1422 933 1504; x_wconf 82' lang='lat' dir='ltr'><strong>Mechanica,</strong></span> <span class='ocrx_word' id='word_1_68' title='bbox 961 1413 1197 1509; x_wconf 88' lang='lat' dir='ltr'><strong>Hydraulica,</strong></span> 
     </span>
     <span class='ocr_line' id='line_1_12' title="bbox 238 1517 1288 1620; baseline -0.01 -26"><span class='ocrx_word' id='word_1_69' title='bbox 238 1529 351 1594; x_wconf 84' lang='lat' dir='ltr'><strong>&#39;ceteris</strong></span> <span class='ocrx_word' id='word_1_70' title='bbox 390 1527 474 1594; x_wconf 85' lang='lat' dir='ltr'><strong>vitae</strong></span> <span class='ocrx_word' id='word_1_71' title='bbox 508 1525 674 1605; x_wconf 78' lang='lat' dir='ltr'><strong>humanae</strong></span> <span class='ocrx_word' id='word_1_72' title='bbox 705 1517 901 1620; x_wconf 71' lang='lat' dir='ltr'><strong>subsidiariis</strong></span> <span class='ocrx_word' id='word_1_73' title='bbox 929 1523 1067 1594; x_wconf 88' lang='lat' dir='ltr'><strong>artibus.</strong></span> <span class='ocrx_word' id='word_1_74' title='bbox 1123 1519 1199 1587; x_wconf 92' lang='lat' dir='ltr'><strong>Mu·</strong></span> <span class='ocrx_word' id='word_1_75' title='bbox 1287 1539 1288 1542; x_wconf 45' lang='lat'>¹</span> 
     </span>
     <span class='ocr_line' id='line_1_13' title="bbox 237 1621 1288 1725; baseline -0.01 -28"><span class='ocrx_word' id='word_1_76' title='bbox 237 1621 303 1698; x_wconf 86' lang='lat' dir='ltr'><strong>saei</strong></span> <span class='ocrx_word' id='word_1_77' title='bbox 333 1621 571 1715; x_wconf 85' lang='lat' dir='ltr'><strong>administratio</strong></span> <span class='ocrx_word' id='word_1_78' title='bbox 596 1623 648 1696; x_wconf 78' lang='lat' dir='ltr'><strong>&#39;ess</strong></span> <span class='ocrx_word' id='word_1_79' title='bbox 676 1650 776 1725; x_wconf 89' lang='lat' dir='ltr'><strong>penes</strong></span> <span class='ocrx_word' id='word_1_80' title='bbox 801 1630 991 1698; x_wconf 83' lang='lat' dir='ltr'><strong>Ductorem</strong></span> <span class='ocrx_word' id='word_1_81' title='bbox 1022 1621 1198 1695; x_wconf 80' lang='lat' dir='ltr'><strong>Meshani-</strong></span> <span class='ocrx_word' id='word_1_82' title='bbox 1287 1649 1288 1676; x_wconf 53' lang='lat' dir='ltr'><strong>s</strong></span> 
     </span>
     <span class='ocr_line' id='line_1_14' title="bbox 195 1724 1199 1823; baseline -0.009 -23"><span class='ocrx_word' id='word_1_83' title='bbox 195 1765 203 1776; x_wconf 78' lang='lat'>·</span> <span class='ocrx_word' id='word_1_84' title='bbox 239 1755 333 1803; x_wconf 83' lang='lat' dir='ltr'><strong>cae.¹</strong></span> <span class='ocrx_word' id='word_1_85' title='bbox 361 1733 522 1800; x_wconf 75' lang='lat' dir='ltr'><strong>Camenae</strong></span> <span class='ocrx_word' id='word_1_86' title='bbox 543 1733 647 1800; x_wconf 88' lang='lat' dir='ltr'><strong>cuiuis</strong></span> <span class='ocrx_word' id='word_1_87' title='bbox 678 1727 858 1823; x_wconf 79' lang='lat' dir='ltr'><strong>adtributus</strong></span> <span class='ocrx_word' id='word_1_88' title='bbox 874 1726 931 1810; x_wconf 83' lang='lat' dir='ltr'><strong>ess</strong></span> <span class='ocrx_word' id='word_1_89' title='bbox 957 1724 1199 1804; x_wconf 81' lang='lat' dir='ltr'><strong>mediastinus,</strong></span> 
     </span>
     <span class='ocr_line' id='line_1_15' title="bbox 237 1827 1199 1932; baseline -0.008 -29"><span class='ocrx_word' id='word_1_90' title='bbox 237 1836 295 1932; x_wconf 86' lang='lat' dir='ltr'><strong>qui</strong></span> <span class='ocrx_word' id='word_1_91' title='bbox 326 1857 435 1906; x_wconf 86' lang='lat' dir='ltr'><strong>rerum</strong></span> <span class='ocrx_word' id='word_1_92' title='bbox 470 1827 652 1919; x_wconf 81' lang='lat' dir='ltr'><strong>ordinem,</strong></span> <span class='ocrx_word' id='word_1_93' title='bbox 689 1838 901 1932; x_wconf 87' lang='lat' dir='ltr'><strong>nitoremque</strong></span> <span class='ocrx_word' id='word_1_94' title='bbox 939 1849 1064 1922; x_wconf 80' lang='lat' dir='ltr'><strong>curet,</strong></span> <span class='ocrx_word' id='word_1_95' title='bbox 1105 1845 1199 1924; x_wconf 78' lang='lat' dir='ltr'><strong>atque</strong></span> 
     </span>
     <span class='ocr_line' id='line_1_16' title="bbox 236 1925 1197 2034; baseline -0.011 -27"><span class='ocrx_word' id='word_1_96' title='bbox 236 1927 407 2007; x_wconf 85' lang='lat' dir='ltr'><strong>Praefecto</strong></span> <span class='ocrx_word' id='word_1_97' title='bbox 433 1959 569 2032; x_wconf 78' lang='lat' dir='ltr'><strong>operam</strong></span> <span class='ocrx_word' id='word_1_98' title='bbox 602 1929 802 2014; x_wconf 86' lang='lat' dir='ltr'><strong>famularem</strong></span> <span class='ocrx_word' id='word_1_99' title='bbox 828 1932 975 2034; x_wconf 78' lang='lat' dir='ltr'><strong>praesset.</strong></span> <span class='ocrx_word' id='word_1_100' title='bbox 1058 1925 1197 2006; x_wconf 81' lang='lat' dir='ltr'><strong>Accedit</strong></span> 
     </span>
     <span class='ocr_line' id='line_1_17' title="bbox 239 2031 1198 2122; baseline -0.013 -12"><span class='ocrx_word' id='word_1_101' title='bbox 239 2041 363 2110; x_wconf 84' lang='lat' dir='ltr'><strong>Hortus</strong></span> <span class='ocrx_word' id='word_1_102' title='bbox 384 2039 576 2122; x_wconf 73' lang='lat' dir='ltr'><strong>Horaericos,</strong></span> <span class='ocrx_word' id='word_1_103' title='bbox 602 2041 746 2110; x_wconf 88' lang='lat' dir='ltr'><strong>Ductori</strong></span> <span class='ocrx_word' id='word_1_104' title='bbox 773 2040 948 2110; x_wconf 88' lang='lat' dir='ltr'><strong>Botanicae</strong></span> <span class='ocrx_word' id='word_1_105' title='bbox 968 2031 1198 2115; x_wconf 81' lang='lat' dir='ltr'><strong>concreditus:</strong></span> 
     </span>
     <span class='ocr_line' id='line_1_18' title="bbox 236 2137 1199 2236; baseline -0.011 -24"><span class='ocrx_word' id='word_1_106' title='bbox 236 2140 319 2212; x_wconf 86' lang='lat' dir='ltr'><strong>alter</strong></span> <span class='ocrx_word' id='word_1_107' title='bbox 350 2145 431 2211; x_wconf 84' lang='lat' dir='ltr'><strong>item</strong></span> <span class='ocrx_word' id='word_1_108' title='bbox 461 2142 588 2236; x_wconf 83' lang='lat' dir='ltr'><strong>Hortus</strong></span> <span class='ocrx_word' id='word_1_109' title='bbox 626 2139 868 2226; x_wconf 71' lang='lat' dir='ltr'><strong>oeconomiam,</strong></span> <span class='ocrx_word' id='word_1_110' title='bbox 903 2137 972 2213; x_wconf 86' lang='lat' dir='ltr'><strong>vlui</strong></span> <span class='ocrx_word' id='word_1_111' title='bbox 1005 2145 1199 2214; x_wconf 86' lang='lat' dir='ltr'><strong>Doctorum</strong></span> 
     </span>
     <span class='ocr_line' id='line_1_19' title="bbox 238 2241 1135 2332; baseline -0.009 -12"><span class='ocrx_word' id='word_1_112' title='bbox 238 2248 474 2332; x_wconf 75' lang='lat' dir='ltr'><strong>Oeconomico</strong></span> <span class='ocrx_word' id='word_1_113' title='bbox 495 2270 533 2314; x_wconf 87' lang='lat' dir='ltr'><strong>ae</strong></span> <span class='ocrx_word' id='word_1_114' title='bbox 558 2245 723 2316; x_wconf 86' lang='lat' dir='ltr'><strong>Naturalis</strong></span> <span class='ocrx_word' id='word_1_115' title='bbox 742 2243 907 2328; x_wconf 83' lang='lat' dir='ltr'><strong>Historiae</strong></span> <span class='ocrx_word' id='word_1_116' title='bbox 929 2241 1135 2318; x_wconf 75' lang='lat' dir='ltr'><strong>destinatus·</strong></span> 
     </span>
     <span class='ocr_line' id='line_1_20' title="bbox 189 2429 1198 2538; baseline -0.011 -17"><span class='ocrx_word' id='word_1_117' title='bbox 189 2453 233 2538; x_wconf 74' lang='lat'><strong>3.)</strong></span> <span class='ocrx_word' id='word_1_118' title='bbox 260 2447 466 2524; x_wconf 86' lang='lat' dir='ltr'><strong>Bibliotheca</strong></span> <span class='ocrx_word' id='word_1_119' title='bbox 493 2429 730 2524; x_wconf 70' lang='lat' dir='ltr'><strong>Vniuersitatis.</strong></span> <span class='ocrx_word' id='word_1_120' title='bbox 818 2441 873 2524; x_wconf 83' lang='lat' dir='ltr'><strong>De</strong></span> <span class='ocrx_word' id='word_1_121' title='bbox 909 2455 978 2522; x_wconf 84' lang='lat' dir='ltr'><strong>eius</strong></span> <span class='ocrx_word' id='word_1_122' title='bbox 1011 2429 1198 2520; x_wconf 78' lang='lat' dir='ltr'><strong>necessitate</strong></span> 
     </span>
     <span class='ocr_line' id='line_1_21' title="bbox 238 2546 1197 2653; baseline -0.006 -30.886"><span class='ocrx_word' id='word_1_123' title='bbox 238 2546 333 2650; x_wconf 89' lang='lat' dir='ltr'><strong>supra</strong></span> <span class='ocrx_word' id='word_1_124' title='bbox 356 2551 426 2624; x_wconf 85' lang='lat' dir='ltr'><strong>iam</strong></span> <span class='ocrx_word' id='word_1_125' title='bbox 452 2552 498 2624; x_wconf 89' lang='lat' dir='ltr'><strong>ess</strong></span> <span class='ocrx_word' id='word_1_126' title='bbox 527 2557 648 2625; x_wconf 86' lang='lat' dir='ltr'><strong>iniecta</strong></span> <span class='ocrx_word' id='word_1_127' title='bbox 676 2558 824 2626; x_wconf 87' lang='lat' dir='ltr'><strong>mentio:</strong></span> <span class='ocrx_word' id='word_1_128' title='bbox 861 2579 945 2653; x_wconf 86' lang='lat' dir='ltr'><strong>quae</strong></span> <span class='ocrx_word' id='word_1_129' title='bbox 976 2550 1103 2635; x_wconf 79' lang='lat' dir='ltr'><strong>sicubi,</strong></span> <span class='ocrx_word' id='word_1_130' title='bbox 1144 2549 1197 2617; x_wconf 90' lang='lat' dir='ltr'><strong>hic</strong></span> 
     </span>
     <span class='ocr_line' id='line_1_22' title="bbox 239 2649 1289 2742; baseline -0.007 -17"><span class='ocrx_word' id='word_1_131' title='bbox 239 2669 328 2726; x_wconf 80' lang='lat' dir='ltr'><strong>certe</strong></span> <span class='ocrx_word' id='word_1_132' title='bbox 359 2651 613 2728; x_wconf 79' lang='lat' dir='ltr'><strong>luculentissima</strong></span> <span class='ocrx_word' id='word_1_133' title='bbox 636 2653 704 2742; x_wconf 86' lang='lat' dir='ltr'><strong>esl,</strong></span> <span class='ocrx_word' id='word_1_134' title='bbox 746 2657 801 2731; x_wconf 91' lang='lat' dir='ltr'><strong>vbi</strong></span> <span class='ocrx_word' id='word_1_135' title='bbox 837 2655 1002 2729; x_wconf 79' lang='lat' dir='ltr'><strong>auditores</strong></span> <span class='ocrx_word' id='word_1_136' title='bbox 1028 2649 1196 2730; x_wconf 79' lang='lat' dir='ltr'><strong>scientiis,</strong></span> <span class='ocrx_word' id='word_1_137' title='bbox 1288 2649 1289 2652; x_wconf 65' lang='grc'>’</span> 
     </span>
    </p>
   </div>
   <div class='ocr_carea' id='block_1_3' title="bbox 240 2747 1289 2934">
    <p class='ocr_par' dir='ltr' id='par_1_3' title="bbox 240 2747 1289 2934">
     <span class='ocr_line' id='line_1_23' title="bbox 240 2747 1289 2934; baseline 0.006 -106"><span class='ocrx_word' id='word_1_138' title='bbox 240 2757 426 2858; x_wconf 81' lang='lat' dir='ltr'><strong>artibusque</strong></span> <span class='ocrx_word' id='word_1_139' title='bbox 458 2763 572 2830; x_wconf 86' lang='lat' dir='ltr'><strong>omnis</strong></span> <span class='ocrx_word' id='word_1_140' title='bbox 591 2765 730 2934; x_wconf 60' lang='lat' dir='ltr'><strong>pencris</strong></span> <span class='ocrx_word' id='word_1_141' title='bbox 754 2781 827 2834; x_wconf 86' lang='lat' dir='ltr'><strong>non</strong></span> <span class='ocrx_word' id='word_1_142' title='bbox 853 2765 937 2858; x_wconf 86' lang='lat' dir='ltr'><strong>tingi</strong></span> <span class='ocrx_word' id='word_1_143' title='bbox 959 2758 1100 2848; x_wconf 83' lang='lat' dir='ltr'><strong>leuiter,</strong></span> <span class='ocrx_word' id='word_1_144' title='bbox 1136 2747 1192 2824; x_wconf 84' lang='lat' dir='ltr'><strong>sed</strong></span> <span class='ocrx_word' id='word_1_145' title='bbox 1288 2797 1289 2834; x_wconf 71' lang='lat' dir='ltr'><strong>t</strong></span> 
     </span>
    </p>
   </div>
   <div class='ocr_carea' id='block_1_4' title="bbox 212 2851 1197 3787">
    <p class='ocr_par' dir='ltr' id='par_1_4' title="bbox 212 2851 1197 3787">
     <span class='ocr_line' id='line_1_24' title="bbox 238 2851 1196 2964; baseline -0.004 -34"><span class='ocrx_word' id='word_1_146' title='bbox 238 2857 422 2961; x_wconf 82' lang='lat' dir='ltr'><strong>plenissime</strong></span> <span class='ocrx_word' id='word_1_147' title='bbox 448 2860 571 2934; x_wconf 87' lang='lat' dir='ltr'><strong>erudiri</strong></span> <span class='ocrx_word' id='word_1_148' title='bbox 616 2863 745 2951; x_wconf 77' lang='lat' dir='ltr'><strong>ebent;‚</strong></span> <span class='ocrx_word' id='word_1_149' title='bbox 759 2859 856 2964; x_wconf 58' lang='lat' dir='ltr'><strong>quod,</strong></span> <span class='ocrx_word' id='word_1_150' title='bbox 873 2861 1011 2962; x_wconf 87' lang='lat' dir='ltr'><strong>quidem</strong></span> <span class='ocrx_word' id='word_1_151' title='bbox 1036 2858 1110 2932; x_wconf 85' lang='lat' dir='ltr'><strong>sure</strong></span> <span class='ocrx_word' id='word_1_152' title='bbox 1132 2851 1196 2926; x_wconf 81' lang='lat' dir='ltr'><strong>ash-</strong></span> 
     </span>
     <span class='ocr_line' id='line_1_25' title="bbox 238 2961 1196 3064; baseline -0.002 -30"><span class='ocrx_word' id='word_1_153' title='bbox 238 2961 303 3036; x_wconf 87' lang='lat' dir='ltr'><strong>dua</strong></span> <span class='ocrx_word' id='word_1_154' title='bbox 351 2970 558 3064; x_wconf 89' lang='lat' dir='ltr'><strong>optimorum</strong></span> <span class='ocrx_word' id='word_1_155' title='bbox 599 2964 760 3038; x_wconf 91' lang='lat' dir='ltr'><strong>librorum</strong></span> <span class='ocrx_word' id='word_1_156' title='bbox 790 2966 944 3041; x_wconf 74' lang='lat' dir='ltr'><strong>¹lectione</strong></span> <span class='ocrx_word' id='word_1_157' title='bbox 986 2983 1196 3063; x_wconf 87' lang='lat' dir='ltr'><strong>nequaquam</strong></span> 
     </span>
     <span class='ocr_line' id='line_1_26' title="bbox 212 3061 1195 3170; baseline -0.008 -31"><span class='ocrx_word' id='word_1_158' title='bbox 212 3129 215 3140; x_wconf 94' lang='lat'>.</span> <span class='ocrx_word' id='word_1_159' title='bbox 239 3061 489 3166; x_wconf 88' lang='lat' dir='ltr'><strong>consequentur.</strong></span> <span class='ocrx_word' id='word_1_160' title='bbox 544 3073 653 3170; x_wconf 82' lang='lat' dir='ltr'><strong>Qare&#39;</strong></span> <span class='ocrx_word' id='word_1_161' title='bbox 676 3075 793 3170; x_wconf 84' lang='lat' dir='ltr'><strong>ingens</strong></span> <span class='ocrx_word' id='word_1_162' title='bbox 818 3075 867 3142; x_wconf 90' lang='lat' dir='ltr'><strong>rei</strong></span> <span class='ocrx_word' id='word_1_163' title='bbox 892 3069 1042 3142; x_wconf 87' lang='lat' dir='ltr'><strong>librariae</strong></span> <span class='ocrx_word' id='word_1_164' title='bbox 1070 3061 1195 3166; x_wconf 80' lang='lat' dir='ltr'><strong>suppel-</strong></span> 
     </span>
     <span class='ocr_line' id='line_1_27' title="bbox 237 3167 1197 3258; baseline -0.006 -16"><span class='ocrx_word' id='word_1_165' title='bbox 237 3167 293 3256; x_wconf 74' lang='lat' dir='ltr'><strong>lex</strong></span> <span class='ocrx_word' id='word_1_166' title='bbox 315 3167 405 3242; x_wconf 84' lang='lat' dir='ltr'><strong>illata</strong></span> <span class='ocrx_word' id='word_1_167' title='bbox 443 3169 491 3242; x_wconf 89' lang='lat' dir='ltr'><strong>ess</strong></span> <span class='ocrx_word' id='word_1_168' title='bbox 516 3176 552 3242; x_wconf 92' lang='lat' dir='ltr'><strong>in</strong></span> <span class='ocrx_word' id='word_1_169' title='bbox 578 3168 727 3246; x_wconf 85' lang='lat' dir='ltr'><strong>Budense</strong></span> <span class='ocrx_word' id='word_1_170' title='bbox 757 3171 944 3258; x_wconf 86' lang='lat' dir='ltr'><strong>Palatium,</strong></span> <span class='ocrx_word' id='word_1_171' title='bbox 973 3169 1197 3244; x_wconf 79' lang='lat' dir='ltr'><strong>Bibliothecae</strong></span> 
     </span>
     <span class='ocr_line' id='line_1_28' title="bbox 237 3268 1195 3371; baseline -0.001 -29"><span class='ocrx_word' id='word_1_172' title='bbox 237 3271 389 3371; x_wconf 82' lang='lat' dir='ltr'><strong>publicae</strong></span> <span class='ocrx_word' id='word_1_173' title='bbox 409 3271 641 3350; x_wconf 71' lang='lat' dir='ltr'><strong>&#39;destituturus</strong></span> <span class='ocrx_word' id='word_1_174' title='bbox 686 3275 851 3348; x_wconf 84' lang='lat' dir='ltr'><strong>constituti</strong></span> <span class='ocrx_word' id='word_1_175' title='bbox 877 3271 1055 3359; x_wconf 87' lang='lat' dir='ltr'><strong>Praefecti,</strong></span> <span class='ocrx_word' id='word_1_176' title='bbox 1085 3268 1195 3344; x_wconf 85' lang='lat' dir='ltr'><strong>eusto-</strong></span> 
     </span>
     <span class='ocr_line' id='line_1_29' title="bbox 240 3369 1193 3480; baseline -0.005 -34"><span class='ocrx_word' id='word_1_177' title='bbox 240 3369 328 3460; x_wconf 81' lang='lat' dir='ltr'><strong>des,</strong></span> <span class='ocrx_word' id='word_1_178' title='bbox 352 3377 483 3452; x_wconf 88' lang='lat' dir='ltr'><strong>Scribae</strong></span> <span class='ocrx_word' id='word_1_179' title='bbox 503 3405 541 3448; x_wconf 88' lang='lat' dir='ltr'><strong>ae</strong></span> <span class='ocrx_word' id='word_1_180' title='bbox 557 3374 706 3479; x_wconf 26' lang='lat' dir='ltr'><strong>&#39;Famulis</strong></span> <span class='ocrx_word' id='word_1_181' title='bbox 753 3377 840 3452; x_wconf 92' lang='lat' dir='ltr'><strong>Illud</strong></span> <span class='ocrx_word' id='word_1_182' title='bbox 858 3401 991 3480; x_wconf 88' lang='lat' dir='ltr'><strong>quoque</strong></span> <span class='ocrx_word' id='word_1_183' title='bbox 1014 3369 1193 3475; x_wconf 87' lang='lat' dir='ltr'><strong>prouisum,</strong></span> 
     </span>
     <span class='ocr_line' id='line_1_30' title="bbox 240 3475 1193 3581; baseline -0.004 -31"><span class='ocrx_word' id='word_1_184' title='bbox 240 3485 277 3550; x_wconf 80' lang='lat' dir='ltr'><strong>vt‘</strong></span> <span class='ocrx_word' id='word_1_185' title='bbox 299 3475 411 3577; x_wconf 83' lang='lat' dir='ltr'><strong>legere</strong></span> <span class='ocrx_word' id='word_1_186' title='bbox 446 3500 543 3578; x_wconf 88' lang='lat' dir='ltr'><strong>atque</strong></span> <span class='ocrx_word' id='word_1_187' title='bbox 560 3481 794 3555; x_wconf 39' lang='lat' dir='ltr'><strong>*commentari</strong></span> <span class='ocrx_word' id='word_1_188' title='bbox 823 3488 991 3581; x_wconf 80' lang='lat' dir='ltr'><strong>cupientes</strong></span> <span class='ocrx_word' id='word_1_189' title='bbox 1014 3487 1050 3552; x_wconf 94' lang='lat' dir='ltr'><strong>in</strong></span> <span class='ocrx_word' id='word_1_190' title='bbox 1077 3501 1193 3580; x_wconf 86' lang='lat' dir='ltr'><strong>oppos·</strong></span> 
     </span>
     <span class='ocr_line' id='line_1_31' title="bbox 238 3571 1192 3686; baseline 0 -35"><span class='ocrx_word' id='word_1_191' title='bbox 238 3587 326 3654; x_wconf 81' lang='lat' dir='ltr'><strong>ttinis</strong></span> <span class='ocrx_word' id='word_1_192' title='bbox 353 3605 454 3679; x_wconf 84' lang='lat' dir='ltr'><strong>penes</strong></span> <span class='ocrx_word' id='word_1_193' title='bbox 477 3571 719 3658; x_wconf 77' lang='lat' dir='ltr'><strong>bibliothecam</strong></span> <span class='ocrx_word' id='word_1_194' title='bbox 743 3582 849 3686; x_wconf 86' lang='lat' dir='ltr'><strong>ipsam</strong></span> <span class='ocrx_word' id='word_1_195' title='bbox 882 3583 1095 3658; x_wconf 88' lang='lat' dir='ltr'><strong>conclauibus</strong></span> <span class='ocrx_word' id='word_1_196' title='bbox 1125 3571 1192 3684; x_wconf 83' lang='lat' dir='ltr'><strong>pus-</strong></span> 
     </span>
     <span class='ocr_line' id='line_1_32' title="bbox 238 3671 739 3787; baseline 0 -29"><span class='ocrx_word' id='word_1_197' title='bbox 238 3671 311 3758; x_wconf 87' lang='lat' dir='ltr'><strong>srnt.</strong></span> <span class='ocrx_word' id='word_1_198' title='bbox 365 3683 465 3758; x_wconf 85' lang='lat' dir='ltr'><strong>Adesl</strong></span> <span class='ocrx_word' id='word_1_199' title='bbox 482 3708 649 3787; x_wconf 84' lang='lat' dir='ltr'><strong>praeterea</strong></span> <span class='ocrx_word' id='word_1_200' title='bbox 737 3681 739 3692; x_wconf 76' lang='grc'><strong>’</strong></span> 
     </span>
    </p>
   </div>
   <div class='ocr_carea' id='block_1_5' title="bbox 183 3881 1196 4201">
    <p class='ocr_par' dir='ltr' id='par_1_5' title="bbox 183 3881 1196 4201">
     <span class='ocr_line' id='line_1_33' title="bbox 183 3881 1193 3994; baseline 0.001 -32"><span class='ocrx_word' id='word_1_201' title='bbox 183 3891 241 3984; x_wconf 71' lang='lat' dir='ltr'><strong>v4)</strong></span> <span class='ocrx_word' id='word_1_202' title='bbox 265 3887 575 3992; x_wconf 82' lang='lat' dir='ltr'><strong>Nusnophylacimn</strong></span> <span class='ocrx_word' id='word_1_203' title='bbox 603 3888 790 3968; x_wconf 86' lang='lat' dir='ltr'><strong>admodum</strong></span> <span class='ocrx_word' id='word_1_204' title='bbox 818 3881 1014 3994; x_wconf 85' lang='lat' dir='ltr'><strong>copiosum,</strong></span> <span class='ocrx_word' id='word_1_205' title='bbox 1051 3894 1193 3975; x_wconf 87' lang='lat' dir='ltr'><strong>Latinis,</strong></span> 
     </span>
     <span class='ocr_line' id='line_1_34' title="bbox 241 3989 1194 4097; baseline 0 -29"><span class='ocrx_word' id='word_1_206' title='bbox 241 3989 394 4082; x_wconf 80' lang='lat' dir='ltr'><strong>Graecis,</strong></span> <span class='ocrx_word' id='word_1_207' title='bbox 423 4024 461 4068; x_wconf 88' lang='lat' dir='ltr'><strong>ac</strong></span> <span class='ocrx_word' id='word_1_208' title='bbox 487 4000 688 4097; x_wconf 82' lang='lat' dir='ltr'><strong>Hungaricis</strong></span> <span class='ocrx_word' id='word_1_209' title='bbox 711 4005 856 4074; x_wconf 88' lang='lat' dir='ltr'><strong>monetis</strong></span> <span class='ocrx_word' id='word_1_210' title='bbox 873 3997 959 4074; x_wconf 87' lang='lat' dir='ltr'><strong>belle</strong></span> <span class='ocrx_word' id='word_1_211' title='bbox 985 3995 1194 4072; x_wconf 80' lang='lat' dir='ltr'><strong>instructum:</strong></span> 
     </span>
     <span class='ocr_line' id='line_1_35' title="bbox 239 4095 1196 4201; baseline 0.004 -31"><span class='ocrx_word' id='word_1_212' title='bbox 239 4122 357 4196; x_wconf 87' lang='lat' dir='ltr'><strong>neque·</strong></span> <span class='ocrx_word' id='word_1_213' title='bbox 375 4095 529 4201; x_wconf 86' lang='lat' dir='ltr'><strong>deinceps</strong></span> <span class='ocrx_word' id='word_1_214' title='bbox 553 4099 691 4178; x_wconf 88' lang='lat' dir='ltr'><strong>deerunt</strong></span> <span class='ocrx_word' id='word_1_215' title='bbox 715 4103 768 4180; x_wconf 85' lang='lat' dir='ltr'><strong>vel</strong></span> <span class='ocrx_word' id='word_1_216' title='bbox 794 4100 1022 4194; x_wconf 76' lang='lat' dir='ltr'><strong>sumtus,=vel</strong></span> <span class='ocrx_word' id='word_1_217' title='bbox 1045 4097 1196 4174; x_wconf 72' lang='lat' dir='ltr'><strong>nduttnt</strong></span> 
     </span>
    </p>
   </div>
   <div class='ocr_carea' id='block_1_6' title="bbox 0 0 1314 4662">
    <p class='ocr_par' dir='ltr' id='par_1_6' title="bbox 0 0 1314 4662">
     <span class='ocr_line' id='line_1_36' title="bbox 0 0 1314 4662; baseline 0 0"><span class='ocrx_word' id='word_1_218' title='bbox 0 0 1314 4662; x_wconf 95' lang='lat' dir='ltr'><strong> </strong></span> 
     </span>
    </p>
   </div>
  </div>
 </body>
</html>
