2618 4656
17 327 30 352 «
102 269 129 316 ³
202 316 264 388 ‘e
484 288 962 390 onou'uoorruua.

117 493 126 496 “
167 567 176 572 ,,
274 483 475 562 Grammat.
510 479 660 559 Slauico
679 520 695 542 ι
719 478 959 571 Bohemicanr
984 471 1239 556 Dolel'ehalia·

84 607 89 615 ·
273 611 357 663 nam
380 582 433 660 -de
452 583 619 660 Slauicae
642 583 788 688 linguae
817 582 1061 685 antiquitate,
1089 582 1237 658 uberta-

272 709 334 784 te,
362 687 568 782 Maiestate,
589 687 670 763 ‘late
689 705 894 790 propagato
914 682 993 780 vsu,
1022 685 1135 762 variis
1159 682 1238 761 dia·

273 792 405 887 lectis,
446 790 704 866 Grammaticis
733 786 1065 884 Institutionibus,
1100 801 1158 859 cet.
1195 789 1234 864 in

274 889 398 970 Praef.
420 890 467 968 ad
493 889 749 969 Szaiszkianam
769 888 1093 994 huroduetionem
1112 890 1151 965 in
1175 917 1235 966 or-

271 997 330 1072 bis
350 992 524 1088 hodierni
546 995 843 1100 Geographiam,
874 991 921 1069 dc
938 990 1047 1068 studii
1064 992 1176 1069 huius
1199 993 1236 1070 in

58 1102 64 1113 ‘
169 1131 172 1141 ’
270 1098 461 1202 Hungaria
480 1120 554 1174 tam
573 1099 720 1201 priscis,
751 1122 858 1200 quatu
885 1092 1153 1172 recentioribus
1182 1095 1235 1176 far

249 1205 357 1298 itis,
392 1203 431 1278 in
484 1199 611 1278 raefat.
648 1207 742 1277 v'ero
772 1197 819 1275 ad
849 1194 1236 1304 Schwandtnerianam

272 1305 406 1408 Script.
476 1329 560 1406 ung..
583 1301 865 1398 collectionem,
905 1299 1117 1408 adparatum
1143 1304 1236 1383 item

219 1453 221 1455 ·
271 1407 374 1496 suum
403 1405 451 1482 ad
472 1403 659 1483 historiam
683 1409 810 1508 Hung.
842 1403 1239 1500 denonnullishilio-
1293 1417 1294 1508 l

272 1512 347 1588 riae
375 1509 503 1613 Hung.
533 1509 810 1614 ScriptoribuS,
850 1507 1093 1613 pulcherrime
1129 1505 1238 1584 dille·
1293 1521 1294 1588 l

271 1615 356 1689 ruit.
393 1653 447 1680 -r
508 1612 751 1716 sequentium
790 1631 950 1714 quatuor
980 1606 1235 1715 Scriptorum,
1293 1599 1294 1632 ¹

143 1795 144 1798 t
269 1711 496 1794 Rotaridcfii
538 1716 700 1818 potius,
743 1715 816 1788 viri
856 1711 1050 1807 doctiffimi
1082 1713 1235 1810 verbis,

271 1844 381 1922 quam
401 1816 496 1894 meis·
522 1813 640 1915 (adeo
668 1814 845 1895 iudicium
879 1816 959 1910 tius
980 1815 1071 1895 milri
1091 1815 1241 1894 satisne

270 1921 344 2021 cit)
373 1918 622 1998 recensionem
644 1919 820 1998 exhibeo.
1190 1929 1194 1936 '

219 2041 252 2114 8.
267 2024 431 2102 'Ioannis
448 2024 564 2127 Iony,
593 2023 767 2124 Iglouia·
780 2021 955 2126 Scepusri,
983 2023 1069 2101 ICti
1083 2023 1237 2128 Hunga·

269 2127 344 2204 riae
363 2123 542 2222 celebris,
573 2125 795 2208 Commutatio
810 2125 970 2224 fflstorico
982 2173 994 2186 ·
1007 2128 1175 2213 Iuridicia,
1200 2129 1238 2198 dt

256 2233 392 2330 *origine
406 2309 407 2312 Ἴ
419 2241 449 2300 ct
463 2229 635 2330 progreffir
660 2234 751 2301 Iuris
766 2231 908 2312 Hunno·
922 2231 1103 2332 Huogarici
1127 2257 1148 2301 a
1166 2229 1238 2324 pri-

269 2338 330 2407 mis·
350 2335 594 2430 Hnnqruman
613 2323 810 2406 Panionium
821 2333 975 2428 susceptis
1001 2336 1239 2432 demigration-

183 2443 188 2450 “
268 2441 348 2522 lms,
375 2435 420 2506 ad
429 2436 718 2534 praesentiamque
740 2448 908 2530 tempora,
923 2439 1066 2509 contiuua
1084 2461 1238 2528 annorum

260 2539 348 2642 sarie
375 2541 519 2632 repetita.
570 2535 841 2615 Leutschouiae
874 2541 963 2631 17'27.
992 2539 1031 2615 in
1050 2563 1105 2634 4.,
1140 2537 1238 2614 liber

208 2688 211 2695 =
270 2637 424 2743 quidem
450 2637 550 2716 mole
580 2641 641 2718 est*
659 2640 839 2741 exiguus,
875 2659 914 2716 at
944 2640 1052 2722 rebus
1072 2641 1235 2734 maximi

268 2739 449 2858 ponderis
469 2743 620 2846 plenus,
650 2743 689 2818 in
703 2769 780 2846 quo
806 2741 1069 2840 contexendo,
1099 2765 1235 2848 quanta

268 2845 595 2928 Auctorerrimius
612 2846 866 2942 accuratione,
895 2865 1112 2951 quantoque
1134 2843 1237 2924 dele-

270 2967 332 3026 ctu
351 2947 489 3050 fingula
506 2949 726 3044 elaborarit,
755 2973 865 3026 nemo
883 2947 1022 3044 facile,
1050 2947 1117 3026 nisr
1132 2949 1237 3030 illum
1293 2995 1294 3076 l

269 3047 473 3152 diligenter
497 3051 751 3155 peruoluerit,
789 3048 928 3130 credet.
989 3050 1066 3133 Eas
1089 3073 1231 3149 autem,
1293 3085 1294 3164 p

269 3178 362 3256 quas
382 3155 563 3258 proponit
586 3151 797 3254 doctrinas,
826 3151 980 3251 ordine,
1008 3157 1066 3231 vti
1092 3157 1164 3232 iam
1182 3153 1238 3231 di-

66 3313 69 3326 .
140 3258 161 3332 ]
267 3276 383 3348 ctum,
413 3255 688 3358 chronologico
710 3256 755 3334 ab
776 3254 861 3360 iplis
875 3257 1118 3361 Reipublicae
1128 3260 1234 3335 Hun-

267 3358 758 3458 no-Hungaricae-initiis,
787 3356 834 3436 ad
852 3361 973 3438 nostra
995 3383 1118 3464 vsque
1142 3380 1234 3438 tem·
1293 3377 1294 3448 l

265 3486 360 3572 pora
379 3517 414 3558 ,.‚
441 3458 645 3540 felicissimo
696 3481 877 3559 conatu,¹
912 3487 1088 3568 nexuque·
1135 3465 1236 3569 opti·
1267 3518 1269 3521 -

266 3590 360 3660 mo,
384 3587 432 3640 ex
450 3565 627 3666 optimiS,
658 3588 752 3669 quae
771 3563 924 3668 quidem
948 3567 1073 3643 haberi
1100 3588 1233 3671 potue·
1293 3569 1294 3596 ¹

268 3688 385 3762 runt,
435 3663 670 3762 documentis
702 3667 904 3786 exposuit:
948 3689 1119 3747 auctores
1163 3670 1233 3748 huc

266 3759 290 3848 s
310 3791 490 3866 cctantes,
512 3769 587 3846 'vbi
603 3796 699 3876 opus
720 3770 807 3867 furt,
835 3765 980 3872 adiecta
998 3769 1059 3849 sua
1079 3797 1232 3878 quoque

181 3965 185 3977 .
263 3797 316 3951 di:
338 3874 385 3949 iis
409 3871 612 3971 sententia,
642 3873 785 3950 attulii:
815 3875 1066 3977 praestantiam
1090 3896 1129 3952 et
1148 3901 1232 3952 nae-

260 3995 351 4068 uos,
381 4001 464 4052 cunr
488 3999 635 4074 rerum,
657 3993 735 4055 tum
756 3973 988 4081 scriptorum,
1017 3995 1061 4052 vt
1078 4001 1116 4054 ct
1134 3980 1228 4056 alios

1151 4066 1157 4076 t

266 4073 464 4176 defectus,
484 4101 672 4174 ,accurate
699 4071 987 4192 demonstrauit,
1022 4102 1134 4186 atque
1167 4081 1235 4160 hac
