2618 4662
146 273 286 390 ⁴2⁸⁶
585 313 843 388 ψ

216 483 288 560 aliis
313 475 356 554 ad
382 471 631 554 indicendum
659 474 867 578 potilsnnum
893 481 1153 579 peninentibua,'
1181 505 1223 552 eu·

218 583 299 664 dem
327 601 601 685 pertractanturt.
625 598 722 682 atque
749 579 837 654 illius
863 581 1071 656 adminiculo
1104 603 1151 656 tot
1172 579 1223 654 dil·

217 686 342 770 'limiles
366 692 404 760 in
424 689 544 784 Regno
563 689 715 756 nationes
734 679 863 756 facilius
886 681 952 757 sese
969 707 1091 758 mutuo
1118 685 1221 758 intelli-

217 819 297 898 gere
315 817 329 879 ,·
364 807 408 882 get
444 791 687 860 commercium
724 790 810 860 inter
845 783 879 859 se
914 814 1068 862 exercere
1103 807 1221 888 queunt.

216 893 302 970 Ideo
332 889 465 990 linguae
489 893 587 964 huius
620 885 692 962 vsua
721 886 980 988 quodammodo
1007 898 1078 965 iam
1108 895 1222 962 natiuur

220 1019 253 1078 ct
277 993 478 1071 domesticus
508 989 553 1064 est
577 989 740 1090 redditus.
793 997 875 1066 Non
902 999 1018 1098 itaque
1041 989 1223 1078 rnirum‚li

215 1097 405 1174 scholarum
433 1097 630 1182 latinarum,
665 1101 701 1168 in
726 1097 844 1195 quibus
866 1102 975 1196 prima
1000 1122 1104 1198 purae
1128 1097 1222 1168 latini·

201 1210 289 1300 ‚tatis
310 1197 526 1275 fundamenta
547 1217 735 1298 ponuntur,
772 1203 810 1272 in
830 1203 893 1272 hac
920 1197 1219 1284 instaurationelit·

202 1325 384 1398 terarum,
410 1301 603 1402 pecculiaris
628 1301 787 1373 habeatur
804 1308 901 1396 ratio.
962 1307 1028 1375 Aie
1060 1301 1217 1376 videamur

104 1487 108 1500 ,
214 1411 347 1512 itaque,
388 1411 445 1510 qui
465 1403 621 1500 ordines,
656 1429 769 1478 mores
794 1423 827 1476 et
860 1425 1061 1506 argumenta
1096 1403 1155 1478 sint
1177 1404 1219 1475 e'a·
1284 1467 1285 1478 ,

214 1511 369 1588 tundetur

669 1714 703 1814 ᾗ,
730 1735 783 1808 ¹4·

315 1923 351 1996 si
394 1914 561 1994 necellius
598 1919 768 1993 variorum
805 1917 965 1994 ordinum
1002 1939 1039 1996 et
1071 1917 1219 2003 statuum,
1285 1939 1286 1946 ’

163 2111 167 2138 ¹
214 2003 359 2130 (lUOmm.
384 2021 490 2096 usibus
518 2017 650 2094 scholae
673 2027 736 2094 hae
755 2016 828 2096 sunt
846 2024 1035 2112 institutae,
1065 2021 1222 2098 attendan-

214 2151 287 2217 ΜΓ»
315 2134 458 2226 (nempe
480 2124 536 2198 ²55
572 2151 613 2198 ex
637 2129 683 2198 eis
710 2125 802 2199 illico
831 2124 873 2200 ad
899 2126 1040 2227 aliquod
1064 2134 1150 2200 vitae
1177 2151 1223 2224 ge·

86 2316 92 2324 ,
212 2261 295 2320 uus,
322 2223 456 2304 desertis
485 2225 599 2302 lludiis
623 2222 655 2300 se
679 2248 901 2316 conuertunt,
927 2233 991 2314 ,alii
1023 2249 1148 2330 coepto
1171 2227 1223 2300 llu-

212 2335 347 2423 diorum
378 2335 501 2406 tramiti
535 2327 677 2404 iulillere
710 2333 854 2426 volunt)
896 2329 938 2404 ad
965 2329 1138 2432 duplicem
1160 2323 1223 2429 pos·

210 2434 285 2517 suut
307 2440 459 2510 reuocari
482 2423 637 2524 clallen15
664 2437 825 2508 nimirum
854 2436 917 2508 alia
943 2431 1017 2508 sunt
1038 2431 1222 2515 necessaria,
1286 2507 1287 2526 χ

212 2541 276 2614 ulia
301 2537 460 2612 duntaxat
489 2535 591 2613 vtilia.
644 2533 697 2610 Ad
722 2545 832 2637 priora
862 2544 1051 2636 pertinent,
1080 2545 1222 2640 princeps

210 2665 243 2718 ct
269 2643 465 2746 primarium
502 2643 544 2732 ι.)
569 2641 751 2728 Doctrinae
784 2641 987 2714 Christianae
1014 2643 1220 2742 explanatio,

209 2769 410 2846 morumque
441 2737 612 2816 institutio
676 2745 724 2836 a.)
747 2741 871 2820 Nitida
901 2763 1118 2848 correctaque
1156 2738 1221 2817 scri·

209 2847 310 2925 bendi
337 2853 435 2920 ratio.
485 2850 531 2940 3.)
565 2847 805 2932 Arithmeticu‚
839 2843 896 2920 seu
926 2846 1075 2925 calculos
1110 2843 1217 2920 subdu·

209 2953 308 3030 cendi
330 2975 460 3024 nonna.
514 2953 561 3042 4.)
589 2954 717 3047 Lingua
734 2949 858 3036 latina,
886 2955 940 3022 cui
962 2949 1134 3050 postremo
1159 2971 1220 3019 cur·

208 3059 305 3133 riculi
337 3080 426 3128 anno
449 3048 660 3152 adiungitur:
711 3059 750 3148 u)
771 3057 832 3126 Ars
859 3073 968 3142 recte,
1005 3053 1218 3151 ordinateque

209 3151 402 3264 cogitaridi‚
434 3159 474 3249 b)
498 3159 573 3228 stili
603 3160 815 3244 exercitatio,
850 3177 886 3230 vt
898 3151 1033 3230 scilicet
1058 3161 1147 3228 varia
1174 3180 1215 3224 ar·

207 3283 391 3366 gumenta,
426 3258 534 3332 latino
569 3262 790 3362 non-minus,
827 3286 929 3360 quam
947 3260 1138 3334 -vernaculo
1162 3252 1218 3328 ser·

140 3351 149 3372 ’
207 3393 313 3442 mone
339 3361 542 3437 concinnare
576 3369 690 3436 norint
715 3381 819 3436 marte
838 3369 989 3462 proprio.
1044 3367 1087 3455 ς.)
1114 3357 1217 3434 Hillo

200 3479 254 3548 nia
279 3467 423 3568 denique
446 3464 610 3542 naturalis.
664 3461 827 3538 Vniuerse
852 3489 964 3541 autem
987 3467 1144 3538 omnibus
1165 3465 1216 3534 vti·

204 3567 311 3672 lircil
335 3569 496 3668 cognitio.
550 3573 592 3664 1.)
618 3565 797 3660 Historiae,
813 3574 855 3640 V.
880 3589 915 3642 et
932 3573 977 3642 N.
1002 3567 1213 3642 Testamenti.

206 3679 251 3775 a.)
278 3671 446 3752 Historiae
476 3671 679 3774 ilungariae.
731 3676 775 3766 3.)
803 3676 1033 3772 Geographiae
1067 3666 1214 3744 dumelli-

204 3809 274 3858 cae.
327 3773 639 3868 Quibusdam'vero
662 3772 819 3848 duntaxat
839 3771 1006 3875 discipulis
1033 3770 1213 3846 admodum

201 3879 393 3992 proficuum
425 3875 492 3968 eli,
519 3875 555 3962 si,
568 3878 767 3952 nonnullam
786 3883 949 3980 accipiant
966 3875 1211 3957 institutionem,

82 4024 86 4034 “
188 4009 324 4092 ,partun
356 3990 398 4079 1·)
421 3989 457 4056 in
480 3984 595 4082 lingua
616 4005 753 4083 graeca,
788 3991 910 4084 partim
936 3985 982 4074 a.)
1017 3987 1053 4052 in
1074 3983 1210 4052 Geome-

203 4101 298 4190 tria,¹
322 4095 366 4184 a)
384 4092 444 4206 ¹his
471 4107 601 4194 autem,
643 4087 760 4187 quibus
790 4081 948 4162 consecto
974 4086 1211 4160 Grammaticae
