2618 4662
39 321 84 462 ‘s
161 368 223 444 278
406 329 458 404 ff
523 359 798 424 awa.

161 533 237 615 nii,
273 523 422 602 Neosolii
442 531 473 612 ,'
493 515 711 624 Vnguarini,
761 541 795 596 et
827 511 984 627 Qinipre
1016 522 1185 597 Ecclefiis.

159 635 234 709 Alia
254 628 436 724 Gymnafia
461 624 629 701 recensere
654 625 795 727 amplius
817 654 890 700 non
912 645 1025 702 vacat·
1070 625 1183 701 Iidem

90 739 94 748 ’
159 743 196 826 jn
224 737 297 818 his,
332 755 486 805 necinon
504 737 540 805 in
548 731 666 828 sciolis
678 733 914 828 grammaticis,
951 750 1050 827 atque
1075 757 1187 802 usma-

161 835 237 911 tulit
256 834 452 929 primariis,
489 835 610 938 ubique
636 829 770 906 ordines
799 838 836 905 in
864 833 1001 933 politia,
1037 859 1123 933 quos
1143 830 1186 906 ad

113 979 121 992 ι
161 940 360 1020 Academias
392 935 564 1010 retulimus
590 958 615 1024 3·
653 961 753 1036 quare
796 961 867 1008 non
894 935 1048 1036 indigent
1084 937 1187 1035 expli·

163 1048 296 1115 catione
328 1040 496 1140 peculiari.
584 1035 721 1111 Necelic
769 1037 814 1112 ess
855 1037 1055 1140 polirem0,
1093 1036 1187 1112 scho-

114 1135 116 1142 ’
166 1147 274 1219 larum
294 1147 553 1228 vettmcaiatum,
589 1139 646 1214 seu
664 1141 885 1216 rationalium
904 1144 1068 1245 explicare
1084 1139 1186 1214 indo·

166 1249 249 1322 lem.
303 1251 516 1319 Suntearum
534 1249 709 1342 primariae
723 1244 827 1332 aliae',
865 1244 969 1344 vulgo
989 1247 1186 1330 Naturales,

162 1349 242 1426 ideo
268 1357 305 1423 in
322 1353 451 1422 liturae:
486 1367 523 1421 vt
548 1346 697 1446 Magistri
718 1343 837 1420 scholis
854 1348 1039 1420 vernaculis
1057 1375 1118 1447 pes
1137 1367 1187 1418 to·

162 1473 237 1533 tum
256 1458 414 1553 Regnum
437 1448 690 1551 praeponendi,
727 1449 769 1522 ad
785 1447 1030 1536 inducendam,
1059 1479 1098 1522 ac
1116 1477 1187 1551 per·

96 1589 98 1604 ·
164 1575 269 1657 petuo
301 1551 532 1640 retinendam,
565 1554 672 1626 ubiuis
697 1551 837 1624 eandem
864 1550 1010 1626 docendi
1030 1581 1187 1625 normam

163 1678 221 1731 tarr
246 1663 376 1730 uam'in
391 1651 569 1729 seminario
585 1651 790 1729 formentur.'
833 1661 950 1758 Iraque
972 1662 1090 1742 ineis,
1118 1673 1188 1728 non
1303 1703 1304 1708 κ

62 1761 67 1770 ’
164 1687 274 1835 molo
302 1767 396 1860 pueri
419 1750 576 1860 plenius,
613 1759 827 1843 aovberius,
870 1787 972 1860 quam
992 1769 1028 1833 in
1049 1766 1187 1846 ceteris,

162 1861 222 1937 ted
245 1861 304 1964 ipsr
325 1864 425 1936 etiam
452 1860 642 1964 Paedagogi
663 1859 881 1948 erudiuntur,
925 1881 959 1934 et
985 1867 1021 1936 in
1040 1867 1188 1935 muneris
1303 1903 1304 1910 κ

161 1971 365 2038 executione
394 1983 617 2050 exercentur,
652 1990 761 2066 neque
784 1971 875 2064 prius
898 1953 941 2038 ad
963 1962 1112 2039 docendi
1139 1960 1187 2036 ol·

164 2069 284 2144 ficium
303 2069 492 2168 ubicunque
527 2074 564 2141 in
587 2072 710 2166 Regno
734 2065 972 2156 admittuntur,
1010 2095 1112 2168 quam
1143 2063 1188 2138 se·

164 2167 247 2268 'uero
285 2177 441 2244 examine
463 2225 485 2258 „
518 2165 749 2244 dexteritatem
784 2168 876 2244 suam
918 2167 1188 2269 adprobauerint,

95 2283 100 2290 '
164 2277 334 2349 Numerus
357 2299 476 2346 eorum
499 2271 546 2345 est
569 2298 631 2374 pro
653 2279 782 2346 ratione
803 2274 1038 2359 Dillrictuum,
1076 2293 1110 2345 et
1134 2279 1186 2345 ln·-

161 2371 359 2477 ,spectorum
396 2376 705 2463 vernaculorum,
748 2382 957 2450 nouenarius.
1027 2376 1190 2476 Reliquae
1303 2399 1304 2402 ’

170 2481 335 2563 vrbanae,
369 2476 584 2578 oppidanae,
618 2500 651 2552 et
672 2505 841 2582 paganae,
876 2478 1055 2569 nonalio,
1084 2505 1188 2580 quarn
1303 2471 1304 2506 ³

166 2607 309 2656 numero
330 2578 525 2654 docentium
556 2579 722 2654 differunt.
776 2589 815 2654 In
836 2585 881 2654 eis
899 2584 1102 2655 Curionibus
1127 2581 1188 2653 do·
1303 2593 1304 2644 l

172 2685 347 2769 mesticis,
387 2702 522 2764 momm
550 2675 973 2784 etreligionis'inllitutio,
1011 2691 1049 2761 in
1067 2688 1191 2760 bisin·

168 2783 299 2890 spectio
318 2790 420 2862 etiam
441 2787 487 2860 eil
508 2778 709 2862 concredita.
861 2847 863 2850 .

596 2997 726 3132 ,io

269 3197 352 3274 Non
377 3203 439 3270 erit
471 3200 616 3286 abere,
654 3204 807 3298 quae-dt
824 3201 942 3297 sciolis
969 3223 1092 3284 smum,
1135 3205 1190 3299 qui
1303 3247 1304 3295 p

160 3303 298 3394 ,stiam
327 3328 347 3373 a
364 3304 408 3374 R.
427 3289 594 3376 Catholici
604 3303 798 3402 Religionem
808 3303 1031 3400 parificentur,
1072 3300 1188 3374 statuta

160 3399 275 3490 ¹sunt,
320 3410 449 3504 integra
482 3403 635 3490 adiicere,
663 3459 687 3495 „
739 3407 1027 3502 Scholaehorum
1059 3410 1189 3500 (aiunt

171 3510 353 3606 auctores)
398 3507 481 3580 locis
508 3533 609 3608 quam
633 3509 791 3608 plurimis.
805 3505 880 3582 sunt
908 3509 1114 3593 collocatae,
1152 3516 1189 3581 in

163 3609 312 3711 quibus,
355 3635 434 3686 cum
458 3616 547 3684 ciues
568 3607 803 3684 succrescentes
821 3612 1025 3699 educentur,
1061 3609 1103 3682 ad
1125 3617 1189 3684 Re·

167 3719 260 3814 giam
288 3707 432 3813 pertinet
451 3711 718 3813 prouidentiam,
757 3735 844 3788 recta
868 3715 1061 3789 eammdem
1082 3713 1189 3787 admi·

168 3813 338 3914 nillrati03
376 3833 460 3917 quae
485 3813 624 3918 quidem
643 3814 876 3916 potieffronern
900 3845 1017 3892 eorum
1038 3824 1187 3908 iuriam,

168 3923 307 4020 quaein
330 3919 425 3994 rebus
444 3915 519 3994 suae
542 3920 751 4022 Religionis,
787 3921 900 4024 leges,
939 3927 1036 4024 atque
1062 3927 1189 4021 Regiae
1303 3923 1304 4006 ξ

46 4047 52 4060 “
120 4021 394 4099 „concelliones
417 4020 538 4099 iisdem
562 4023 796 4111 coutulerunt,
837 4027 967 4098 turbare
992 4026 1085 4100 nullo
1114 4009 1197 4096 moss
1303 4085 1304 4092 ,

170 4123 218 4206 do
235 4124 390 4262 intendit.
444 4131 572 4203 Verum
587 4127 802 4232 Reipublicae
819 4129 978 4217 beatitas,
1011 4155 1051 4204 err
1072 4154 1188 4232 aequa·
