2618 4662
519 99 706 236 ‘lt

513 322 769 384 ψ
962 287 967 294 ’
1065 283 1143 410 '2⁷⁴⁹'

103 488 445 576 ,bili'tractandorum
465 487 648 564 studiorum
677 485 806 581 forma,
863 490 1024 568 lurimum
1048 519 1128 595 pen·

112 597 196 672 dens
216 602 319 695 exigit
337 591 432 682 sane,
469 615 505 692 vt
520 599 555 666 in
575 600 671 666 variis
695 621 814 683 eorum
827 519 968 684 selbolis,
1007 596 1127 674 eadem

112 719 293 778 tractentur
313 695 484 771 doctrinae
502 702 630 798 capita,
669 695 787 770 eadem
816 681 961 772 seruitus
983 693 1134 789 normas

112 801 208 882 idem
228 799 516 894 adminisbationis
537 818 655 886 tenor,
692 798 809 876 eadem
833 808 968 879 mo‘runi
984 799 1145 906 discipli·-

112 933 178 994 na,
212 931 296 1006 quae
318 911 379 976 toti
397 908 544 1002 Regn0,
571 904 613 973 'et
635 895 770 976 adnexis
795 909 1127 998 Prouinciisyvniuer·

113 1005 146 1082 se
168 1002 305 1110 praescri
332 1026 362 1080 ta
390 1003 445 1079 est.
498 1010 592 1181 (qne
613 999 772 1106 quidem,
801 1027 846 1087 ,vt
870 1014 906 1080 in
929 1029 1128 1110 perpetuum
1225 1005 1232 1026 ’

112 1105 229 1186 sedulo
255 1035 493 1196 oblinantur,
554 1109 727 1182 cholerum
749 1109 944 1184 huiusmodi
967 1109 1128 1188 Praefecti

116 1219 150 1288 ei
171 1219 358 1298 Curatores,
377 1218 487 1312 Regio
508 1209 679 1286 Dislrictus
702 1206 751 1284 sui
772 1211 953 1304 studiorum
963 1203 1132 1294 Directori

110 1313 346 1403 subiicientur,
387 1311 552 1388 semestres
573 1310 826 1388 informationes
855 1311 1032 1416 diligenter
1053 1314 1125 1392 sub-

111 1419 275 1505 mittint,
317 1414 504 1490 scholarum
524 1417 731 1490 luslrationes
756 1418 897 1514 libenter
920 1418 1097 1496 admittant
1111 1443 1136 1509 ,'
1177 1433 1181 1446 ’

112 1526 219 1608 certi,
255 1528 485 1594 auctoritatem
513 1525 694 1594 Directoris
718 1523 815 1594 huius
847 1517 1018 1624 nunqnam
1042 1531 1128 1598 intra

110 1626 323 1711 litterarum,
342 1643 392 1714 et
416 1619 609 1722 disciplinae
630 1624 817 1712 cancellos·
833 1621 898 1696 esse
916 1623 1126 1726 egressuram.
1181 1620 1185 1629 ’

112 1733 298 1816 Rectores,
340 1746 436 1830 atque
459 1725 883 1825 Magistros-renunciandi
902 1730 1043 1829 potestas
1071 1757 1126 1804 ve·

111 1831 272 1924 seriloco
287 1831 457 1902 manebit:
492 1829 602 1928 Regio
626 1849 741 1905 tamen
756 1827 948 1908 sludiorum
972 1837 1126 1906 Directo-

111 1940 142 2008 ri
166 1938 374 2022 renuntiatio
409 1929 574 2006 eiusmodi
602 1927 731 2032 semper
758 1935 842 2021 e‘rit,
884 1932 1127 2037 significanda:

109 2053 148 2116 vt
160 2032 284 2110 scilicet
302 2033 445 2122 constet,
471 2037 662 2108 muneribus
679 2040 769 2108 hisce
787 2033 930 2112 idoneos
948 2045 1036 2112 viros
1061 2033 1125 2111 esse

111 2137 280 2224 admotos,
336 2142 438 2211 Porro
476 2143 660 2212 Rectorum
697 2137 825 2212 officia'
845 2138 962 2215 eadem
996 2135 1126 2241 prorsus

74 2237 79 2251 ⁸
114 2260 238 2330 erunt,
284 2266 367 2343 quae
394 2239 603 2328 Praesidum,
639 2261 735 2344 atque
757 2246 972 2316 Directorum
995 2250 1032 2320 in
1052 2243 1127 2319 reli·
1208 2238 1233 2296 ἶ

112 2351 184 2448 quis
208 2349 327 2445 'Regni
361 2342 580 2438 Gymnasiis,
625 2343 680 2418 vel
708 2343 907 2418 Academiis'.
955 2347 1126 2442 ,ceterum

109 2453 297 2534 iuuentuti,
334 2447 566 2550 quamcunque
588 2443 826 2522 confessionem
846 2442 1009 2536 sectanti,
1044 2453 1127 2522 inte'·
1183 2529 1194 2538 ,

111 2576 212 2652 grum
236 2557 297 2624 erit
316 2577 452 2650 operam
470 2549 548 2624 dare
564 2551 705 2639 litteris,
747 2555 783 2624 in
811 2540 879 2650 ipsa
906 2549 1125 2625 Vniuersitate

111 2661 236 2754 patria,
270 2651 338 2730 stne
357 2659 393 2726 in
416 2652 605 2728 Academiis
630 2649 764 2756 Regiis,
807 2653 874 2726 siue
898 2660 933 2728 in
958 2655 1125 2756 quibusuis
1229 2739 1232 2744 ⁸

112 2757 183 2830 aliis
198 2751 336 2850 Lyceis,
370 2785 407 2828 ac
427 2755 640 2850 Gymnasiis:
681 2783 725 2829 ne
747 2783 828 2829 vero
845 2753 951 2830 caussa
976 2757 1049 2830 Reli
1076 2763 1125 2828 io,

112 2863 182 2947 rtis,
222 2859 327 2933 vllum
346 2865 398 2931 cui
425 2885 465 2932 ue
481 2860 671 2932 exhibeatur
691 2865 891 2960 negotium,
925 2785 1125 2932 seuatsssme

135 2966 308 3064 raecipitur
331 2887 627 3048 Moseratotibus,
668 2983 700 3033 et
723 2962 988 3061 Praeceptoribus
1014 2966 1123 3034 omni-

111 2991 193 3154 sus,
228 3086 263 3138 vt
286 3061 463 3165 discipulos
480 3065 575 3140 nullo
594 3059 783 3136 discrimine
808 3083 965 3154 tractent,
993 3061 1034 3134 ad
1050 3091 1123 3136 mu·
1200 3091 1204 3099 ¹

107 3188 203 3248 ruam
235 3175 402 3260 caritatem
434 3189 467 3242 et
501 3164 747 3260 concordiam,
787 3185 944 3268 tanquam
972 3164 1123 3240 eiusdem
1186 3189 1190 3196 ·

112 3275 216 3371 Regis
242 3267 416 3358 subditos,
454 3277 628 3372 Regnique
651 3276 739 3344 ciues
759 3276 928 3354 excitent,
972 3273 1009 3342 in
1031 3273 1122 3368 pacis
1170 3279 1181 3286 “

114 3395 254 3463 autem,
296 3395 394 3475 atque
425 3377 620 3456 harmoniae
662 3375 928 3474 perturbatores,
983 3376 1127 3470 grauiter

114 3477 385 3552 animaduersam.
458 3481 574 3552 Libros
614 3475 867 3550 institutionum
893 3476 1126 3548 litterariorum

113 3585 279 3682 oportebit
304 3577 436 3661 censura
466 3577 692 3656 Vniuersitatis
721 3585 845 3678 Regiae
869 3573 932 3650 esse
956 3577 1124 3678 probatos,
1175 3645 1179 3662 „
1290 3679 1292 3686 ,

115 3691 205 3779 (iis,
241 3711 335 3787 quae¹
353 3683 400 3757 ‘ad
417 3684 630 3784 Religionem
661 3689 847 3784 pertinent,
886 3677 1017 3782 prorsus
1045 3684 1125 3752 inta-

115 3793 234 3882 ctis),
270 3809 367 3890 atque
385 3795 421 3862 in
440 3790 673 3888 typographeo
699 3783 868 3872 eiusdem,
905 3782 966 3856 nisi
993 3781 1125 3882 priuile-

114 3900 210 3994 gium
236 3893 419 3996 quodpiam
447 3896 592 3991 Regium
621 3885 832 3974 aduersetur,
869 3882 1030 3976 excusos:
1074 3913 1126 3973 ea·
1175 3983 1181 3992 ,

114 3991 263 4070 nendum
284 4017 394 4070 autem
418 4001 478 4068 erit
498 3999 682 4098 generatim
712 3995 888 4079 omnibus,
929 4017 971 4064 ne
985 3988 1126 4088 'religio-

114 4095 266 4200 nisnsuae
298 4093 509 4190 defensioni,
553 4095 767 4190 acerbitatem
796 4092 983 4182 sermonis,
1028 4113 1124 4194 atque
1167 4157 1172 4161 .
