2698 4654
428 235 916 372 prorroonrn‘r
979 402 982 414 1

214 465 398 568 Eruditos
425 489 471 560 33.
501 465 649 578 oppido
667 463 920 575 paucillrmos,
950 489 1072 573 neque
1090 467 1181 548 illos

215 573 302 652 satis
318 569 478 651 selectos
496 573 660 652 breuiter
679 592 878 662 enumerat.
932 571 987 650 Vc
1000 594 1044 648 vt
1089 569 1183 649 lera-

215 701 289 780 que
312 676 404 762 hacc
422 673 491 753 snrt
507 674 727 781 proletaria:
756 672 865 753 laude
895 693 1018 754 tamen
1068 699 1179 777 rgnus

216 780 268 856 est
287 800 441 878 auctor,
469 777 574 883 quod
592 781 631 856 in
646 778 709 855 illa
730 777 921 858 sterilitate
941 773 1048 855 fundi
1068 775 1179 856 huius

214 877 418 980 litterarii,
453 882 608 984 vestigia
641 878 844 958 ostenderit
883 877 1178 978 eruditioribus,

215 1009 311 1088 quac
327 985 459 1063 maiori
476 1011 559 1062 cum
575 1005 746 1103 apparatu
758 983 862 1088 sequi
882 983 973 1061 olim
986 979 1179 1062 debcrcnu
1282 993 1287 1000 '

1032 381 1039 418 l

162 1108 214 1178 r4.
244 1089 434 1190 Georgius
449 1089 612 1166 Daroczr
633 1111 653 1162 c
671 1086 709 1163 S.
727 1091 767 1168 I,
779 1084 991 1194 conscripsit
1008 1088 1126 1162 Ortum
1150 1102 1181 1170 rt

207 1191 431 1290 progressum,
469 1192 601 1291 Collegii
630 1194 791 1264 academici
813 1194 844 1262 S.
863 1196 894 1264 I.
919 1191 1183 1284 Claudiopolitani

216 1291 374 1397 (inquo
405 1314 484 1374 tum
506 1289 691 1397 degebat)
720 1300 760 1369 ab
780 1295 862 1368 aimo
886 1315 961 1386 1579.
1001 1285 1183 1370 Claudio-

214 1396 468 1500 poli1736012.
521 1399 666 1476 Factus
689 1396 777 1473 mihi
799 1393 965 1474 nondum
986 1393 1099 1472 visus.

162 1519 208 1592 ¹5·
235 1497 405 1578 Andreas
434 1501 597 1619 Spangar
624 1524 644 1575 c
670 1493 707 1576 S'.
727 1502 757 1577 1.
778 1501 998 1574 Bibliothecam
1010 1503 1180 1596 Huugari-

213 1629 298 1697 coar,
329 1601 518 1682 Callourac
539 1627 635 1679 anno
656 1621 743 1696 1738·
766 1604 845 1695 ina.
875 1600 1053 1679 idiomate
1073 1602 1182 1678 Hun-

215 1706 359 1806 garico‚
387 1709 465 1825 'quo
488 1701 647 1782 hucdum
667 1706 760 1784 nihil
780 1705 895 1782 simile
922 1703 1095 1808 scriptum
1117 1703 1181 1780 ha-

214 1805 296 1883 buit
317 1829 454 1910 patria,
484 1810 587 1884 vices
609 1807 850 1914 supplementi
874 1808 1053 1910 Gregorii
1073 1804 1181 1885 Pcrc-

215 1908 267 1986 hu
305 1911 470 1988 chronici
498 1908 719 2009 subituram,
756 1905 910 2016 prodire
937 1909 1041 1989 iuffit.
1094 1911 1180 2016 Qua

215 2009 290 2109 lide
329 2033 459 2092 auctor
497 2015 534 2090 in
564 2031 679 2118 opere
715 2009 973 2092 concinnando
1010 2011 1193 2114 versatus,

213 2113 340 2214 fuerit,
370 2115 509 2220 quidue
525 2118 767 2222 praestiterit,
798 2112 1181 2194 ciRotaridefiiver-

107 2287 121 2320 ⁴„
213 2215 271 2293 bis
308 2221 472 2324 potius,
495 2245 604 2324 quarn
635 2222 748 2317 meis,
787 2220 890 2299 lubet
917 2217 1067 2296 referre.
1133 2221 1179 2296 In

212 2316 499 2425 Prolcgomcnis
519 2324 842 2424 Lineamentortun
855 2322 950 2398 Hist.
964 2321 1056 2398 Litt..
1069 2321 1179 2400 Hun-

215 2423 334 2526 gariae
352 2449 433 2529 pag.
452 2443 501 2514 83.
530 2424 656 2528 sequ,
686 2426 737 2502 ita
755 2428 828 2502 ait:
882 2424 1049 2502 Exhibct
1064 2425 1186 2528 Span·

125 2529 128 2532 ’
214 2545 277 2628 'gar
289 2549 486 2644 praeeunte
500 2527 563 2632 ipfi
579 2529 674 2604 inter
684 2528 794 2624 alios,
823 2525 1024 2624 Pazmano,
1046 2526 1180 2604 Szentr

73 2638 105 2688 ⁴,
213 2631 390 2732 luanyro,
427 2633 614 2725 Timone,
651 2632 809 2734 aliisque
843 2629 1180 2748 suaepotiffimum

114 2830 120 2837 ρ
168 2769 170 2774 ·
214 2734 308 2837 parti
339 2729 551 2812 fauentibus
573 2733 836 2836 scriptoribus,
874 2757 995 2810 vanas
1019 2731 1179 2810 diuersa-

214 2859 293 2911 rum
315 2831 544 2916 matcriarun'r
569 2835 692 2914 claffcs
724 2858 762 2912 et
785 2835 1009 2937 catalogos,
1046 2836 1179 2914 Szcnr-
1223 2928 1229 2939 ἱ

70 3021 75 3030 ,
188 2935 419 3040 «luanyianis
442 2941 521 3016 fere
541 2939 686 3016 ssmiles.
740 2941 785 3016 In
811 2939 970 3044 quibus,
1000 2935 1179 3042 quoniam

213 3061 358 3144 praeter
377 3043 565 3145 origines,
597 3067 731 3147 resque
748 3044 943 3120 nonnullas
961 3043 1177 3144 Hungar‘iao

93 3153 100 3228 ‘.
212 3146 498 3242 memorabiles,
538 3147 649 3222 etiam
680 3147 938 3249 antiquitatem
971 3143 1105 3223 sacram
1137 3169 1180 3222 ac

165 3299 170 3310 «
212 3244 394 3322 cruditam
411 3243 647 3327 domesticam
665 3247 829 3326 breuiter
853 3249 1000 3350 attigit:
1041 3249 1117 3325 imo
1139 3267 1179 3328 ct

86 3397 90 3402 -
212 3349 462 3428 litteratorum
480 3349 692 3456 quosdam,
722 3351 888 3456 inprimis
913 3376 1006 3430 vero
1031 3351 1178 3428 histori-

95 3506 97 3514 ‚
212 3474 279 3527 cos
302 3452 447 3555 aliquot
464 3455 787 3532 commemorauit:
830 3453 1080 3532 Miscellancis
1101 3452 1176 3531 suis

210 3555 416 3629 Bibliothecae
428 3561 633 3658 fflrngaricaa
651 3581 788 3634 nomen
800 3553 1022 3662 praeposuit.
1058 3555 1176 3658 Quod

210 3653 312 3732 idem
330 3680 478 3754 auctor,
516 3658 552 3738 sc
578 3657 618 3736 id
641 3662 812 3765 exemplo
832 3660 1052 3764 potillimum
1069 3662 1177 3740 Zuit·

211 3757 346 3864 tingeri
368 3760 510 3861 fecillc,
539 3761 691 3866 quodue
717 3765 776 3840 hic
796 3763 920 3865 lingua
939 3753 1094 3862 Latina,
1133 3763 1177 3838 il-

189 3860 276 3940 ‘lud
309 3861 346 3942 se
383 3869 603 3962 vernacula,
647 3867 685 3944 in
722 3867 1011 3946 emolumentum
1050 3868 1173 3970 gentis

170 4195 172 4207 l

203 3965 461 4068 ‘Hungaricac,
500 3971 639 4080 quippe
668 3994 762 4073 quac
792 3967 839 4046 ad
868 3972 1025 4048 nostram
1052 3995 1173 4074 vsque

211 4090 367 4148 aetatem
389 4073 498 4166 fimili'
513 4073 751 4155 bibliotheca
770 4069 982 4181 Huogarica
1004 4073 1173 4170 caruerit,
