2658 4664
513 279 771 340 *mm-⁵·
1006 243 1284 368 '233⁴'

125 451 325 540 terbaeher,
374 453 514 523 Ioannes
544 441 661 533 Arci,
689 439 895 520 Franciseua
935 447 1145 550 Vragouits,

125 551 297 626 Ladislaua
316 549 433 626 seclus
435 557 492 642 yi,
519 550 655 623 Samuel
677 549 850 648 Seilagyi,
879 555 1022 625 Ioannes
1050 552 1142 630 Frid

124 655 295 748 ualszky,
335 655 502 740 ladislaus
529 651 694 742 Clema'k,
741 647 878 726 Samuel
902 656 1055 743 Dombi,
1091 662 1146 730 Io·
1258 725 1266 738 ,

121 753 244 857 l'ephus
285 763 351 858 Pap
369 767 437 856 a),
483 752 674 830 Franciscus
701 753 879 830 Hauderla
905 747 970 852 i),
1011 759 1146 835 Samuel
1179 805 1185 813 =

122 855 309 952 Enyedi,
336 862 466 934 Paullus
501 857 652 948 adami,
699 865 840 932 Ioannes
879 861 1142 958 Apostolouics,

122 964 262 1036 Samuel
278 956 482 1049 Trulledik,
510 969 615 1062 Ignat
636 960 838 1037 Dominicus
858 965 1079 1040 Martlnouics
1094 975 1158 1062 t),

122 1062 286 1167 Iosephus
300 1071 449 1141 Neinecz
470 1043 522 1160 d).

51 1271 54 1278 '
161 1261 205 1340 a)
225 1259 408 1342 Philoloplllae
435 1284 463 1328 et
487 1262 635 1327 Marleleos
659 1258 789 1323 Professor
809 1269 840 1324 'in
865 1263 1006 1336 Gymnasuo
1036 1265 1144 1328 Matar.

202 1361 356 1440 Vasirhely.
374 1365 538 1430 Reformato‚
549 1359 688 1435 quinqulee
706 1362 760 1418 la'm
779 1381 795 1419 a
813 1364 937 1418 societate
953 1366 1056 1420 erudita
1072 1365 1142 1420 llar-

196 1447 324 1522 lemeusr,
343 1464 495 1528 proemium
517 1460 579 1513 tulit
599 1468 783 1512 coronatarum
807 1457 1001 1526 responsionum
1019 1457 1051 1510 ad
1072 1455 1138 1510 Pro·

207 1545 324 1607 hiemato
338 1552 478 1622 proposita.
516 1543 648 1606 Vltimum
665 1553 715 1606 suit
738 1569 775 1606 ex
799 1549 968 1619 Philosophia
995 1548 1143 1615 theologica

196 1637 333 1713 laquens:
358 1646 433 1710 Quae
456 1647 515 1700 sunt
535 1646 666 1717 principia
690 1657 717 1700 et
742 1645 906 1700 characteres
934 1644 1096 1711 analogiae,
1115 1641 1151 1701 et'

143 1723 148 1734 ’
179 1742 336 1808 ,quomodo
361 1750 500 1808 opporteat
516 1733 726 1808 Philosophum,
761 1745 789 1794 in
809 1739 1135 1810 investigandisphyficio
1224 1751 1227 1756 ’

198 1845 230 1885 ac
249 1835 394 1886 moralibus
411 1834 567 1887 veritatibus
582 1833 716 1901 applicare
733 1833 851 1886 eosdem.

156 1969 200 2042 ὃ)
217 1975 249 2030 In
265 1967 440 2031 Vniuersrtate
453 1964 575 2040 Budeull,
588 1967 716 2042 Logitae,
733 1974 933 2044 Metaphysrcae,
951 1971 1135 2044 Philosophiae

187 2070 317 2132 litoralis,
333 2085 362 2122 ae
376 2069 507 2150 Historiae
527 2069 724 2138 philosophicae
741 2069 871 2124 Professor
892 2059 949 2124 orl.
964 2073 1008 2124 die
1021 2087 1064 2124 20.
1082 2069 1145 2123 Fe·
1191 2091 1194 2098 ·

194 2157 304 2228 llruarii,
324 2181 393 2218 anuo
411 2143 470 2226 hoc,
487 2165 567 2218 rebus
583 2162 705 2217 humanis
719 2175 870 2232 exemptus.
907 2164 1051 2233 Superiora
1069 2181 1138 2217 anno

199 2259 284 2313 edida
307 2249 398 2311 Eudae
424 2258 603 2320 institutiones
629 2259 748 2325 logicas,
777 2271 809 2308 oo
837 2257 987 2332 Historiam
1012 2260 1139 2310 criticam

200 2353 370 2405 litterariam
385 2351 595 2418 Philosophiae'
587 2367 616 2404 tn
633 2361 658 2412 8

150 2491 198 2563 o)
217 2471 306 2550 Patria
331 2493 489 2559 Peliienfie,
516 2497 561 2564 qui
579 2497 661 2553 studia
680 2495 724 2549 sua
743 2492 893 2560 theologica
909 2501 936 2547 et
956 2473 1165 2561 Ῑ)1ιίἱοΐορὴίεει“ι

193 2579 286 2644 Eudae
302 2591 427 2642 excoluit.
465 2589 508 2643 Ad
527 2590 678 2646 soluendam
704 2586 903 2656 aLugduneust
932 2587 1079 2642 Academia
1095 2603 1137 2643 au

196 2689 267 2752 1782.
287 2681 450 2751 propositum
468 2682 664 2750 quaestionem:
683 2681 822 2747 Quomodo
841 2691 867 2733 et
885 2680 982 2748 quibus
996 2687 1139 2746 argumeu·

201 2777 238 2832 iis
258 2777 387 2844 explicari
403 2777 505 2844 potest,
525 2779 594 2833 mala
614 2776 691 2828 huius
709 2773 1069 2844 mundi‚'bouitatldluiuae
1085 2790 1139 2826 non

191 2863 404 2926 contradicere?
431 2867 589 2938 Conscriplit
614 2868 840 2928 dissertationem,
857 2853 899 2918 'de
926 2870 1042 2921 naturali
1069 2885 1135 2921 corr-

190 2953 310 3018 lentioue
330 2965 458 3020 bonitatis
484 2957 608 3026 diuinae,
626 2969 685 3015 eum
706 2962 784 3014 malis
795 2965 907 3026 creatis,
927 2969 1005 3030 alque
1019 2965 1139 3029 proemi-

181 3033 240 3108 ⁰um
256 3072 313 3138 περ.
324 3049 487 3111 florenorum
504 3057 569 3111 holl.
586 3057 655 3112 tulit.

158 3197 205 3265 1)
223 3197 268 3254 Est
291 3202 319 3252 ia
341 3204 463 3268 praesens
484 3201 624 3255 Gamerae'
636 3189 755 3268 physicae
772 3205 798 3254 iu
820 3187 995 3256 Vniuerlltate
1014 3200 1164 3272 Budenli„

196 3292 345 3353 adiunctus,
366 3297 534 3364 mechanicae
546 3301 573 3349 in
589 3291 689 3362 primis'
703 3296 878 3360 gnariffimus.
915 3295 1138 3372 Intertoprplura

198 3385 307 3442 inuenta
326 3386 383 3438 eius‘
395 3387 563 3452 mechanica,
576 3391 639 3443 -sunt
656 3389 753 3457 species
771 3390 859 3441 molae
876 3385 1063 3444 frumentariae
1081 3409 1138 3446 ma·

106 3497 109 3500 ·
200 3481 308 3541 natalis,
339 3490 424 3548 quae,
453 3495 517 3547 prae
545 3483 604 3534 aliis
631 3483 787 3550 quibamus,
810 3493 863 3536 nori
887 3481 1018 3548 iugalibus
1043 3483 1137 3544 solum,

197 3569 240 3622 sed
257 3576 389 3638 aquaticis
405 3575 497 3638 etiam,
513 3575 625 3628 multllm
642 3577 774 3630 commodi
789 3573 911 3644 praestat.
951 3574 1044 3642 Spatio
1057 3579 1139 3630 trium

190 3652 336 3726 horarum,
356 3679 468 3735 quatuor
487 3663 556 3733 viri,
584 3667 663 3736 plus,
692 3685 771 3738 quam
801 3671 866 3748 duas
894 3655 1019 3724 metretas
1043 3669 1137 3724 Poson.

192 3757 211 3808 i.
226 3772 249 3808 e.
271 3758 325 3811 roo.
336 3761 425 3826 pondo
435 3759 535 3814 molere
546 3755 667 3834 poliput':
689 3765 776 3830 itaque
793 3779 844 3815 vno
866 3765 979 3822 minuto.
991 3765 1058 3830 lapis
1074 3758 1132 3815 nio·

190 3846 256 3900 laris
281 3867 342 3919 4²0·
370 3856 459 3922 pondo
472 3853 571 3921 'grauis
582 3839 666 3918 ,Sos
682 3887 694 3898 ·
709 3871 765 3908 120.
784 3855 909 3917 'vitibus'
935 3859 1133 3922 circum-agitur.

190 3941 232 3996 Ad
249 3943 440 4008 perfectiorem
457 3949 595 4004 sarnacum
605 3947 816 4010 domesticarum,
826 3949 944 4002 medium
957 3950 1038 4000 etiam
1051 3948 1136 4016 quod·

195 4043 255 4094 dam
274 4041 384 4096 inuenit.
498 4042 572 4108 Quae
588 4048 698 4107 ulnam,
718 4039 907 4107 oewnmiae,
925 4052 954 4122 et
974 4041 1029 4096 viui
1042 4043 1135 4098 dome·
