2698 4654
424 317 906 432 ‘PROLEGOMENA
1130 351 1178 420 ις·

191 501 376 610 praestare
406 499 585 600 votuisse,
618 501 786 584 'fateturu
837 501 893 580 Vt
916 502 970 581 ita
993 496 1164 592 nimitum

195 607 362 710 querelis
383 601 432 684 de
452 607 603 709 penuria
620 604 850 712 scriptorum⁴
866 607 992 709 lingua
1013 607 1165 708 Hunga·

193 705 1242 814 mmmfflmwwfflmm'

192 835 264 909 ua,
301 833 381 890 turn
407 811 669 914 Zuittingero,
707 813 867 916 aliisque
899 813 1032 910 factis,
1068 839 1164 919 quo·

192 913 283 1008 ‘datu
304 913 422 994 modo
440 914 594 992 obuiam
613 916 707 1014 iret,
738 915 824 992 huic
840 913 1045 994 domestico
1062 917 1165 994 maio

193 1009 378 1096 niedelarn
393 1016 530 1094 summe
549 1017 778 1096 necessariam
795 1013 1021 1124 intempore
1041 1019 1164 1097 adfer·

141 1145 146 1154 ·
196 1142 265 1199 ret.
319 1119 437 1242 Quod
455 1121 629 1198 vttmale
649 1148 727 1206 non
748 1119 863 1222 fecit,
893 1123 945 1200 ita
958 1122 1076 1199 etiam
1091 1149 1162 1200 no·

193 1243 309 1301 tatarn
341 1251 380 1301 m
408 1223 647 1328 Zuittingero
683 1249 760 1316 300.
790 1225 938 1302 circiter
970 1247 1164 1304 auctorum

191 1325 552 1432 omissionemgatque
568 1329 625 1407 cul
653 1353 711 1406 am
730 1324 947 1429 oscitantiae
965 1327 1041 1434 ipse
1061 1349 1164 1408 com-

191 1431 341 1509 mittere
370 1429 471 1508 haud
498 1429 610 1508 debui
639 1453 688 1510 et.
742 1427 866 1509 Valde
895 1431 994 1524 eriim
1019 1455 1162 1536 paucos

187 1534 232 1636 io
250 1531 351 1612 dicta
367 1531 429 1611 sua
447 1531 677 1612 bibliotheca
694 1531 893 1640 scriptores
907 1557 932 1632 3·
947 1551 988 1609 tt
1003 1553 1051 1610 ne
1071 1535 1162 1613 illos

193 1636 349 1740 quidem
368 1635 529 1716 selectos
551 1638 798 1733 aetatiores,
828 1631 893 1714 sed
920 1635 993 1714 iam
1021 1633 1163 1716 dudum

192 1741 368 1818 omnibus
389 1765 484 1843 pene
511 1761 630 1820 ,notos
664 1761 702 1815 et
721 1740 862 1846 ubique
885 1740 1024 1817 obuios
1057 1740 1174 1816 errhin·x

184 1842 271 1919 bet.
323 1841 379 1919 Vt
399 1845 472 1920 iam
491 1843 659 1947 reliquos
678 1867 799 1922 nouae
826 1843 935 1921 huius
955 1842 1161 1920 bibilothe-

195 1970 260 2022 cae
285 1943 457 2025 defectus
478 1971 556 2021 non
580 1943 724 2024 addam.
778 1947 934 2032 Rectius
964 1949 1055 2047 ergo
1085 1945 1181 2034 hoc'

193 2047 297 2126 suurn
313 2047 628 2153 supplementum
647 2043 762 2158 'quod
779 2049 890 2152 paulo
913 2068 1000 2124 ante
1019 2047 1161 2126 laudati

194 2152 374 2256 Gregorii
394 2147 520 2230 Pctho
545 2151 736 2229 Chronico
759 2151 976 2253 Hungarieo
998 2151 1160 2255 Spanga-

194 2255 271 2332 rius
306 2253 464 2352 adiecit,
504 2255 738 2355 Antiquitatum
762 2259 941 2352 Rerumque
971 2255 1162 2356 Heugare'oe

191 2360 466 2445 memorabilium,
513 2376 551 2434 et
588 2354 740 2461 quidem
767 2354 815 2433 ad
841 2354 993 2438 ductum
1021 2355 1161 2434 eruditi

163 2491 168 2498 ·
191 2461 309 2538 Szent
326 2460 508 2564 --Iuanyi,
536 2460 595 2536 cui
625 2459 778 2546 omnino
810 2460 1007 2564 plurimum
1023 2455 1159 2549 'debet

190 2563 479 2660 uuscetlmemum,
514 2586 625 2666 quam
646 2565 852 2638 Bibliothecae
877 2563 990 2639 titulo
1013 2561 1160 2666 infigni·

190 2665 307 2743 uiffet.
361 2665 437 2743 Sed
458 2666 548 2742 haec
569 2665 711 2742 minora
736 2661 840 2763 sunt,
879 2689 988 2768 quam
1007 2686 1050 2742 vt
1080 2690 1160 2768 gra·

189 2769 339 2854 viorcm
375 2765 559 2872 quandam
585 2767 906 2872 reprehenfionem
938 2789 1158 2847 mereantur.
1263 2780 1265 2786 '

188 2869 291 2966 Illud
317 2872 434 2974 magis
465 2868 698 2968 dolendum,
726 2891 916 2979 auctorem
942 2867 1158 2970 eruditum,
1196 2911 1203 2931 a

111 2977 114 2984 '
189 2996 230 3049 et
246 2993 438 3076 utcunque
463 2970 708 3076 diligentem,
765 2996 825 3048 rae
852 2975 1001 3070 ostero‚·
1027 2997 1096 3050 nec
1120 2973 1160 3066 irt

189 3077 302 3154 rebus
335 3073 410 3153 suis
446 3073 676 3154 adstruendis
696 2998 910 3160 Μειῖῐιιοὲιιηι
937 3075 1158 3174 necessario,

188 3179 283 3284 quin
300 3178 429 3284 potius
452 3178 538 3256 viro
555 3177 745 3280 theologo
764 3179 871 3281 plane
890 3175 1046 3282 indigno
1061 3180 1158 3260 Zelo

187 3279 286 3358 adeo
311 3281 417 3358 fuisse
442 3281 655 3385 abreptum,
693 3301 738 3357 vt
764 3303 878 3357 vnum
902 3277 1076 3386 idemque
1105 3279 1160 3360 se·

189 3405 273 3462 curn
296 3383 431 3460 sentire
446 3383 653 3482 nolentes,
682 3408 729 3460 ne
749 3386 901 3464 nomine
917 3381 1079 3488 quidem,
1090 3383 1160 3464 ho.-

187 3488 294 3564 ncsto
325 3483 551 3588 dignaretur.
604 3485 715 3592 Quasi
744 3509 838 3566 vero
867 3511 946 3564 non
975 3488 1083 3592 perae
1113 3511 1160 3564 ue

157 3613 232 3665 ’νε
249 3587 338 3694 ipse
362 3589 609 3694 Spangarius,
639 3587 798 3666 essemus*
813 3585 861 3683 de
891 3586 1063 3692 sanguine
1086 3513 1119 3668 (i

156 3741 159 3747 ,
188 3715 328 3790 mano,
357 3713 481 3796 eoque
502 3691 719 3798 Hungarico
738 3691 827 3790 orti,
856 3693 968 3770 vrritts
991 3693 1191 3789 nimirum·

189 3791 433 3874 cumeodem
455 3794 594 3900 patriae
614 3793 682 3871 filii
707 3833 760 3852 --
786 3819 855 3872 nec
878 3795 989 3872 etiarn
1008 3793 1161 3874 nobilis·

189 3895 318 3976 fimum
344 3892 440 3974 illud
466 3921 603 3976 nomen
629 3897 860 3979 christianum
889 3919 965 3975 tarn
990 3893 1157 4000 publice,

189 3999 493 4105 quamlpriuatim
504 3999 677 4104 religiose
714 4000 970 4084 rofiteremurr
997 4001 1074 4078 imo
1091 4026 1161 4079 nec

107 4126 112 4136 ·
188 4101 279 4182 ullis
322 4120 485 4214 unquam
527 4028 861 4216 glotiofiffimorurn
892 4102 1179 4211 potentiffimor.
1248 4123 1267 4178 ἕ.
1301 4135 1324 4216 ᾗ
