2618 4662
80 533 131 603 bri
163 523 279 629 itaque
298 527 494 603 Sclrolarum
520 523 771 629 vernacularum
795 513 1100 616 vlibusdc'llinati,

78 639 127 706 ita
147 636 337 704 concinnati
357 627 451 718 sunt,
489 649 525 703 vt
545 636 585 703 iis
600 619 942 706 *etiam‘t’rotestantes
958 637 993 704 in
1009 629 1104 707 sciro.

79 731 239 822 lis'suis,
282 753 336 805 aut
367 741 420 806 cui
447 732 586 806 dc‘mum
616 729 758 834 cunque'
777 733 949 836 Religioni
977 732 1103 810 addicti

78 835 170 923 fint,
212 835 314 909 libere
348 863 386 908 ac
409 833 477 910 line
503 829 752 936 vllo'scrupulo
775 841 825 912 *vti
875 833 994 932 offint.¹
1036 815 1104 910 vii
1207 897 1210 904 .

78 945 163 1012 vero
191 939 244 1012 illi
260 934 392 1018 ³s'cholis
423 945 575 1038 propriis
590 957 730 1025 carent,
757 953 809 1010 'vt
837 863 951 1012 ldcure
983 939 1106 1036 liberos

76 1039 156 1114 suos
180 1048 216 1113 in
243 1037 370 1114 scholas
393 1041 582 1114 vernaculas
601 1045 644 1117 R.
663 1039 855 1114 Catholicas
880 1043 1012 1116 mittere
1029 1037 1107 1144 posi

81 1143 173 1218 lint:
227 1141 429 1218 Praelidibus
449 1169 567 1218 eorum
580 1164 584 1172 '
591 1149 734 1244 grauiter
757 1143 966 1232 inculcatur,
1000 1165 1035 1218 vt
1056 1151 1108 1218 i'u·'

82 1271 188 1319 uenes
203 1252 308 1318 'ctiam
325 1247 450 1319 alienae
469 1247 667 1346 Religionis
696 1253 789 1319 omni
807 1273 884 1318 curn
902 1249 1109 1320 humanitate

87 1369 123 1421 et
148 1355 306 1421 comitate
330 1367 496 1434 tractent,
544 1368 642 1454 atquc
684 1349 895 1451 aquibusuis
931 1355 1029 1424 circa'
1046 1347 1107 1422 do·

83 1469 202 1552 gmata
232 1451 462 1551 controuersiis
483 1459 519 1525 in
539 1471 735 1552 perpetuum
769 1451 957 1537 abstineant.
1020 1449 1105 1526 Ideo

6 1611 7 1614 ,
81 1559 186 1628 ctiam
220 1552 446 1627 Catechismus
474 1561 638 1628 iuuentuti
666 1554 860 1628 Catholicae
891 1552 1066 1648 dessinatus
1094 1609 1106 1642 ,

80 1683 157 1730 non
188 1653 294 1730 modo
328 1655 474 1758 separato
513 1657 630 1731 libello
675 1648 970 1756 comprehenditur
983 1677 996 1747 ‘3
1049 1651 1112 1730 sed·
1204 1655 1217 1674 ”

81 1760 145 1859 ipsr
191 1787 303 1860 uoque
326 1761 429 1832 libelli
456 1758 644 1834 doctrinam
670 1759 843 1860 religionis
870 1748 1110 1845 continentes,-

81 1865 148 1934 ali'a
169 1788 304 1949 lorma,
341 1889 441 1963 quam
459 1869 558 1936 ceteri
574 1863 668 1950 libri,
703 1858 826 1934 scholis
845 1862 1029 1936 vernaculis
1044 1859 1110 1935 tle:

82 1965 194 2040 stinati
213 1961 430 2038 excuduntur.
483 1970 699 2054 Nonminus
720 1965 788 2038 fine
807 1968 896 2052 hoc,
934 1992 1011 2037 cura
1042 1969 1110 2037 Re-

76 2069 223 2167 ligionis
239 2068 306 2140 loci
324 2067 642 2170 Curionibusplene
665 2074 912 2157 committitur,
956 2074 1014 2170 qui
1037 2067 1109 2139 vbi·
1211 2125 1218 2137 .

80 2178 135 2246 uis
171 2173 354 2262 locorum,
387 2175 650 2244 ›Catacheta‘rum
678 2195 798 2245 munus
825 2170 945 2256 obire,
991 2197 1029 2248 ac
1059 2171 1123 2241 iu»

81 2294 259 2348 uentutcm
275 2279 411 2361 virtute,
439 2294 472 2345 et
486 2280 606 2374 pietate
623 2268 803 2347 informare
816 2270 950 2348 debent.
994 2268 1110 2374 Qem'

82 2384 123 2451 in
148 2377 271 2462 finem,
310 2374 423 2449 diebus
442 2383 632 2450 Dominicis
661 2396 693 2450 ct
717 2373 828 2462 fellis,
873 2403 912 2448 ac
936 2402 1001 2448 vna
1018 2370 1111 2448 insu·

82 2507 147 2584 per
169 2500 251 2580 quot
269 2477 489 2552 hebdomadis
506 2477 560 2552 die
579 2483 715 2552 Sacrum
736 2485 930 2566 curionem,
971 2503 1034 2578 pro
1047 2473 1111 2550 suo

83 2579 215 2669 studio,
247 2601 280 2653 et
295 2580 399 2655 officii
427 2581 612 2682 praestandi
636 2579 772 2668 ardore,
811 2586 980 2654 iuuentuti
996 2585 1111 2656 vuius·

85 2711 155 2788 que
168 2681 279 2771 sexus,
314 2682 434 2757 iisde'm
455 2686 514 2758 vel
530 2684 688 2758 distinctis
704 2689 818 2770 horis,
856 2688 972 2757 natiuo
986 2679 1111 2756 sermo·

85 2815 132 2864 ne
149 2787 338 2860 rudimenta
357 2788 561 2888 Religionis,
598 2808 630 2860 et
660 2785 786 2860 semina
818 2791 947 2888 pietatis
972 2791 1111 2888 ingene·

84 2917 160 2964 rare
174 2903 355 2990 opportet,
391 2887 520 2991 suisque
544 2892 746 2990 temporibus
770 2887 1048 2988 Euangeliorum,
1075 2905 1108 2960 et

88 2993 315 3094 Epistolarom
332 2993 600 3092 explanationem
613 2991 811 3092 adiungere:
863 2989 932 3064 uod
952 2996 989 3064 in
1003 2995 1108 3062 smni-

88 3099 150 3171 bus
166 3093 287 3169 scholis
312 3097 495 3170 vernaculis
511 3092 659 3170 vniuerse
682 3017 923 3168 obseruandum
943 3091 1011 3182 cll3
1054 3099 1109 3166 cui

87 3199 312 3286 institutioni,
351 3195 438 3271 fellis
469 3227 507 3272 ac
526 3198 705 3272 dominicis
720 3195 843 3271 'diebus
870 3201 971 3270 etiam
994 3221 1128 3298 paren·x

88 3324 139 3376 tes
153 3293 175 3389 ,⁴
209 3323 330 3376 matres
365 3297 502 3406 quidem
534 3321 621 3375 certe
660 3299 839 3386 intersint,
877 3319 951 3371 tum
986 3317 1022 3370 vt
1050 3324 1112 3385 ca,

91 3432 176 3508 quae
203 3409 423 3480 a'Ca'techeta
452 3402 619 3507 propolim
639 3403 732 3491 sunt,
775 3401 974 3476 domicum
999 3399 1110 3476 liberis
1218 3436 1222 3444 Δ

89 3508 261 3596 recolere,
297 3529 370 3583 tum
394 3512 431 3581 vt
455 3506 587 3586 fortalle
613 3515 649 3581 in
680 3512 819 3610 pueritia
846 3503 1023 3606 neglecta,
1052 3499 1112 3605 ipsi

95 3637 231 3714 quoque
261 3615 325 3684 hac
352 3617 480 3684 ratione
511 3606 702 3687 condiscere
725 3608 857 3712 possint.
911 3610 1115 3680 Curionibus

93 3736 209 3788 tamen
231 3710 342 3788 seuere
365 3713 579 3788 interdictum
609 3715 680 3803 est,
719 3741 762 3787 ue
794 3707 904 3814 proles
930 3709 1114 3785 alienarum

95 3820 317 3918 Religionum
341 3817 464 3892 eodem
490 3837 633 3918 cogant,
668 3838 723 3891 aut
744 3809 988 3918 quoquomodo
1009 3811 1113 3916 inpel-

96 3923 176 3996 lant.
230 3927 278 4016 a.)
305 3920 595 4010 Considerandum
613 3928 726 4006 venit,
748 3922 847 3992 latini
868 3911 1030 3988 sermonis
1054 3941 1122 3988 no·x
1212 3927 1216 3936 “

95 4033 204 4099 titiam
231 4031 292 4118 iis,
329 4029 387 4128 qui
411 4017 623 4126 Hungariam
645 4030 747 4126 veique
773 4028 901 4095 iunctas
926 4017 1116 4090 Prouincias
1174 4025 1179 4034 “

99 4131 274 4218 incolunt,
315 4133 530 4206 vehementer
550 4123 870 4220 cllcneccllariam,
887 4117 986 4206 ,ideo
1010 4119 1116 4193 inlu·

1052 4323 1059 4354 l
