2644 4658
183 469 299 532 temo,
325 465 357 518 et
381 445 471 517 cultu
499 463 636 519 externo
658 452 805 520 maxime
832 444 1021 550 conspicua.
1077 449 1128 526 Ex
1146 479 1209 544 seq

183 577 222 624 ro
251 554 333 620 haee
360 547 536 620 confirmat
555 545 743 628 Bralicanus
760 548 804 622 in
823 553 1031 649 praefatione
1061 557 1207 628 salisiani
1302 619 1315 649 ἦ,

101 717 107 746 ,
185 653 282 726 ruello
313 656 350 722 de
373 650 587 724 Prouidentia
597 653 766 749 proemiffir
793 656 966 756 inquiens:
1018 671 1044 705 “
1071 637 1210 758 lnspdxi
1314 733 1315 758 ,

185 757 285 834 libros
313 777 450 839 ornnes,
478 749 535 824 sed
555 751 635 854 quid
653 755 753 828 libros
779 754 882 830 dico?
917 761 1129 859 quoslibros
1155 753 1212 833 lot
1311 767 1315 817 ·'

187 863 286 928 etiam
305 849 470 956 thesauros
484 855 577 930 isthic
596 851 732 954 inspexi.
785 861 1080 939 Diiimmortales!
1105 891 1215 964 quam

78 1034 87 1060 Ι
185 955 370 1032 iucundum
404 961 471 1056 hoc
506 953 730 1056 spectaculum
764 957 859 1044 suille
889 970 960 1064 quis
986 963 1129 1038 credat?
1155 1007 1215 1024 *-

186 1067 337 1134 Tantum
369 1081 436 1134 erat
470 1064 526 1132 hic
563 1067 775 1162 antiquorum
806 1069 1011 1158 Graecorum
1038 1063 1144 1162 ,simul
1174 1087 1211 1141 et

186 1162 417 1238 hebraicorum
451 1163 699 1250 voluminum,
739 1193 822 1268 quae
853 1171 999 1244 Mathias
1028 1172 1086 1244 ille
1113 1175 1211 1270 Rex,
1309 1176 1318 1236 't

119 1262 129 1304 '¹
188 1286 280 1365 capta
309 1272 377 1338 iam
404 1265 725 1366 Constantinopoli,
760 1267 945 1370 euersrsque
968 1273 1082 1348 multis
1111 1273 1211 1362 aliis,
1317 1303 1318 1312 ¹

188 1367 390 1469 amplifftmis
409 1368 565 1440 Graeciae
587 1371 748 1457 Vrbibus,
776 1399 815 1444 ex
836 1373 949 1447 media
968 1379 1129 1464 Graecia,
1151 1383 1211 1450 'in-

188 1469 393 1546 dellimandis
428 1467 586 1542 sumtibus
626 1493 802 1547 coemerat.
838 1519 890 1532 -—
948 1483 1102 1558 Tantum
1138 1497 1211 1553 erat

188 1581 244 1650 hic
268 1576 448 1650 latinorum
471 1574 654 1662 librorum,
684 1596 715 1647 et
740 1579 891 1652 vetelum
908 1600 941 1652 et
957 1587 1210 1670 recentiorum,
1318 1641 1319 1652 ,

188 1678 464 1780 (procul'tamen
493 1678 647 1775 ablegatis
667 1683 822 1754 omnibus
846 1680 1055 1784 sophisticis)
1083 1705 1118 1757 vt
1135 1713 1213 1760 nus·

188 1807 288 1882 qpatn
317 1778 415 1866 alibi,
443 1777 625 1880 quod'sgo
647 1780 783 1883 quidem
805 1778 916 1857 sciam.
944 1829 997 1842 -·-
1048 1785 1209 1864 Vadimus

82 1901 93 1906 ·
163 1889 167 1907 '
188 1883 281 1956 isthic
308 1879 364 1974 (id
389 1879 479 1982 quod
500 1885 644 1972 Syllabo,
659 1885 771 1958 nollro
793 1885 961 1961 recensere
983 1887 1143 1990 possum,
1173 1911 1210 1964 et

189 1983 327 2058 oculata'
344 1981 434 2077 fide)
474 1983 619 2058 vidimus
645 1993 813 2088 integrum
841 1991 1090 2092 Hyperidem,
1130 2021 1213 2066 cum

136 2157 138 2164 .
174 2081 447 2188 locupletilltmis
468 2085 619 2172 scholiis,
646 2090 769 2164 librum
792 2093 904 2164 multis
929 2101 1027 2170 etiarn
1059 2095 1213 2180 censibus

187 2191 433 2290 redimendum.
485 2189 639 2266 Vidimus
657 2191 817 2292 grandem
850 2195 972 2268 librum
995 2197 1209 2298 Apostolico-

28 2271 40 2296 χ
85 2321 90 2326 “
189 2327 265 2374 rutn
286 2301 476 2397 Caponum,
502 2321 585 2394 opus
601 2299 869 2397 incomparabile.
924 2297 1077 2372 Vidimus
1087 2305 1209 2390 Theo.

4 2474 14 2490 ,
66 2423 72 2429 ’
190 2400 351 2476 doretum-
365 2395 548 2491 Cyrenlem
573 2405 609 2472 in
630 2395 819 2490 Psaltesiutn
842 2406 1031 2501 integrum:
1058 2401 1209 2476 vidimus

190 2499 440 2596 Chrylollomi,
467 2497 662 2586 Athanasii,
684 2502 825 2592 Cyrilli,
853 2507 1085 2592 Nazianzeni,
1118 2505 1208 2590 Basr-

189 2608 228 2682 lit
246 2611 298 2680 M.
331 2609 483 2706 Gregorii
507 2599 672 2695 Nyffeni‚
700 2607 943 2703 Theophanis,
969 2611 1139 2682 Dorothei
1157 2616 1210 2682 in.

125 2735 129 2748 “
190 2710 285 2786 finita
302 2717 415 2811 opera
455 2705 619 2782 'Vidimus
640 2711 797 2780 Marcum
814 2711 1048 2797 Monachum,
1076 2737 1209 2812 cogno·

190 2834 306 2890 mento
324 2815 578 2888 Anachoretam.
633 2816 765 2883 Omitto
784 2815 909 2896 Portas,
937 2816 1103 2898 Oratores,
1131 2817 1208 2885 Phi·

190 2914 370 3018 losophos‚
398 2933 493 3015 atque
515 2911 720 2998 Historicos,
758 2941 902 3012 quorum
924 2917 979 2986 hic
1004 2913 1230 2990 immensam

190 3025 262 3094 vim
294 3017 452 3120 inspicere
483 3009 632 3096 licuillet.
702 3014 857 3090 Vidimus
882 3035 1029 3091 auctores
1060 3022 1207 3092 Graecos

189 3119 445 3198 innumerabiles
467 3121 670 3218 infinitaque·
688 3124 725 3190 in
748 3121 862 3193 Poetas
876 3115 955 3190 ‘fere
976 3147 1093 3215 omnes
1113 3147 1209 3195 eom·

191 3231 379 3310 mentaria,
412 3228 540 3295 nemini
574 3227 792 3305 Doctorum,
830 3239 886 3295 aut
922 3230 1033 3322 paucis
1061 3232 1207 3298 omnino

191 3347 287 3400 antea
306 3323 381 3400 visa.
408 3365 460 3380 -——
486 3379 509 3414 „
562 3327 679 3424 Neque
703 3349 785 3396 vero
817 3320 892 3396 satis
918 3321 981 3396 suit
1003 3331 1088 3426 Regi
1120 3332 1208 3426 opti·

193 3454 252 3504 mo
282 3449 410 3504 tantum
447 3424 635 3528 congelhlle
671 3421 878 3498 thesaurum:
918 3425 980 3500 nist
1009 3451 1088 3502 eum
1113 3429 1207 3506 cultu

76 3555 78 3562 '
156 3557 165 3580 ⁸
193 3540 293 3608 erton
310 3545 341 3606 et
358 3531 471 3622 habitu
487 3550 622 3604 externo
639 3527 924 3602 celebratilhmom
943 3513 1105 3607 redderet.
1145 3537 1206 3606 lta.

101 3699 104 3707 ,
192 3663 268 3740 que,
295 3659 361 3738 quo
377 3630 464 3706 sorte
479 3631 773 3706 etiam'doctorum
791 3639 939 3706 virorum
956 3640 1206 3730 venerationem

135 3799 141 3806 .
193 3759 343 3840 augeret:
364 3731 1206 3840 sedemeiusposuitina'rceluaBudenst,omuiele·

106 3915 107 3920 ,
192 3849 303 3948 gantis
325 3840 367 3918 ad
378 3838 750 3950 Maiestatemexculta.
769 3844 808 3934 a)
827 3937 831 3950 ι
858 3839 1017 3940 Duplices
1026 3867 1063 4014 Ep
1078 3839 1206 3958 dicatae

839 3967 841 3976 ’
1066 3962 1158 4014 erant

139 4065 142 4074 ’
229 4088 264 4155 a)
283 4083 681 4164 Fragmentum'gsumtuoliil'tmi
700 4086 780 4162 boios
804 4083 918 4156 aedificii
937 4083 1137 4154 Bibliothecae,
1164 4103 1208 4143 ca-

263 4183 358 4252 pulum
374 4201 472 4260 nempe
490 4188 629 4246 calunniae
641 4201 669 4238 ,ε
682 4195 816 4238 marmure
831 4180 930 4249 ruhte,
958 4177 1028 4254 qood
1048 4179 1149 4240 acutus
1171 4177 1207 4236 td
