2680 4662
482 359 1118 436 ami-'¹149
1229 403 1242 438 t

162 549 237 603 qnos
251 530 427 602 Hocqoardus
443 531 629 600 proposuerat,
648 512 746 598 agene,
766 536 830 598 puta
850 531 884 584 de
899 532 1009 584 nomine
1025 525 1116 584 Euan-

169 629 266 694 geiici,
294 639 322 680 et
340 633 442 688 unitate
471 625 499 679 S.
515 625 607 680 Matris
623 623 755 678 Ecclesiae
778 623 931 678 Catholicae
954 637 981 683 et
1003 625 1117 694 Aposto-

101 711 106 728 ‘
170 723 256 782 lirae,
284 733 362 773 extra
385 736 465 788 quam
484 719 559 772 nulla
585 719 662 773 datur
681 719 765 780 salus,
798 719 831 774 de
850 718 1055 780 iustificatione,
1083 721 1120 774 de

171 813 297 870 Numero
317 813 566 876 Sacramentorum,
600 813 634 864 de
650 809 966 876 Transsubstantiatione,
994 815 1028 866 de
1051 815 1118 870 reali

171 911 323 979 praesentia
342 909 471 978 Corporis
491 921 518 963 et
540 903 683 974 Sanguinis
703 903 819 967 Christi,
849 899 893 958 sub
912 907 1048 975 speciebus
1071 925 1120 984 pa-

152 1017 154 1024 ’
176 1010 221 1058 nis
238 1019 265 1058 et
282 999 355 1067 uini,¹
384 1007 412 1056 in
432 1020 493 1058 ven.
511 1002 681 1056 Sacramenta
702 995 902 1064 Eucharistiae,
932 1016 1010 1060 extra
1027 1005 1120 1068 vrum,

177 1103 212 1154 de
240 1103 479 1154 communicatione
502 1098 547 1151 sub
569 1106 679 1162 utraque
701 1094 802 1162 specie,
828 1095 861 1147 de
882 1097 1066 1161 conieffione,
1095 1109 1128 1160 et,

178 1199 381 1250 enumeratione
395 1204 580 1261 peccatorum,
601 1188 639 1254 ,de
657 1189 777 1254 partibus
796 1190 961 1244 sacramenti
982 1195 1123 1258 poeniten.

180 1292 250 1349 tiae,
280 1289 312 1342 de
328 1289 423 1342 effectu
440 1285 688 1346 sacramentorum,
701 1285 750 1337 ide
764 1285 858 1337 ordine
877 1287 1062 1351 ecclesiastico,
1088 1289 1126 1342 de

183 1381 255 1434 cultu
274 1391 301 1433 et
319 1383 485 1434 inuocatione
501 1379 674 1442 Sanctorum,
694 1380 727 1432 de
743 1377 878 1432 Sacrificio
894 1380 985 1436 Missae
1001 1387 1129 1436 incruen-

184 1486 231 1538 to,
256 1476 291 1528 de
307 1473 463 1540 Purgatorio
484 1484 511 1526 et
526 1475 655 1542 fuffragns
680 1489 730 1542 pro
750 1473 898 1534 defunctis,
924 1475 957 1528 de
977 1477 1061 1528 iibero
1082 1493 1126 1530 ar,
1173 1469 1175 1486 ¹

184 1570 284 1646 bitrio,
310 1569 343 1621 de
363 1573 479 1640 quinque
498 1560 619 1624 abusibus
635 1567 766 1624 ilcciefiae
785 1565 944 1630 Romanae,
976 1583 1044 1636 quoe
1060 1583 1150 1648 extu·-

160 1676 271 1715 ·merat
296 1659 447 1731 Augustana
464 1663 612 1727 Conseiiio,
636 1664 669 1716 de
694 1666 774 1718 tertio
799 1665 827 1715 in
847 1659 933 1729 specie
961 1663 1058 1725 abusu,
1094 1665 1128 1720 de

184 1757 276 1820 Milia,
301 1758 334 1810 de
348 1769 460 1828 quarto,
487 1775 584 1828 nempe
607 1759 764 1814 confefflone
784 1755 942 1819 auriculari,
968 1759 1002 1810 de
1018 1762 1128 1828 quinto,

186 1852 336 1904 discrimine
354 1853 490 1919 ciborum,
509 1852 542 1904 de
556 1851 657 1908 statutis
678 1851 843 1906 ieiuniorum
863 1841 956 1906 diebus
982 1853 1016 1906 ab
1037 1850 1131 1910 Eccle,

186 1943 237 2008 sia,
257 1957 286 2000 vt
302 1945 361 1998 sunt
377 1943 615 2012 Quadragefimae,
640 1953 755 2011 quatuor
773 1951 942 2011 temporum,
971 1946 1054 1999 feriae
1070 1948 1132 1999 sex.

124 2099 127 2108 ¹
186 2052 246 2103 tae,
279 2042 341 2093 item
357 2037 504 2101 Sabbathi,
524 2039 557 2092 de
574 2039 678 2091 delectu
694 2037 831 2098 ciborum,
856 2049 883 2092 et
902 2035 1002 2092 statutis
1017 2038 1142 2094 ieiuniok.

187 2149 249 2190 rum
271 2131 384 2194 diebus,
414 2131 447 2184 de
461 2105 647 2186 traditionibud
671 2135 700 2184 in
715 2133 869 2192 communi,
896 2130 930 2183 de
949 2131 1133 2190 contradictio·
1224 2133 1226 2138 “

189 2229 269 2282 mirus
291 2227 359 2280 aM.
376 2225 511 2292 Luthero,
538 2211 752 2282 Lutirerartorunr
773 2222 933 2296 Propheta,
964 2224 1134 2290 Euangelista

192 2320 401 2393 eticorypheo,
430 2323 459 2376 in
475 2321 585 2376 diuersis
605 2315 701 2383 rebam
728 2324 809 2374 etiam
829 2321 956 2378 maximis
979 2319 1041 2378 fidei
1062 2326 1136 2380 com.

193 2415 284 2470 miffis.
389 2416 535 2484 queodix
554 2419 673 2470 continet
692 2416 840 2482 catalogum
855 2413 973 2468 Testium
996 2420 1136 2480 veritatis,

193 2513 301 2566 ductum
319 2507 416 2576 Igneae
431 2509 596 2571 Columnae,
615 2509 782 2578 sequentium
799 2511 948 2571 continens,
985 2508 1072 2572 Quam
1090 2528 1138 2562 vo.

197 2603 316 2664 loiffem,
336 2601 354 2654 st
375 2619 424 2674 per
445 2603 606 2674 proposrtum
629 2601 758 2664 licuiffet,
777 2600 880 2661 librum
899 2601 1049 2671 eruditione
1064 2600 1139 2656 noo·

196 2697 284 2764 logica
305 2696 462 2773 ampliiiima
482 2673 611 2754 refertum
629 2696 765 2754 recensere
784 2695 881 2754 fufius!

269 2883 413 2938 Zacharias
434 2903 498 2940 vero
524 2885 602 2953 Lany
627 2885 679 2939 fuit
705 2883 795 2938 Pastor
822 2885 1024 2950 Banouicenfis,
1054 2886 1143 2956 postea

202 2971 421 3041 Trencsmiensss,
450 2989 476 3036 et
501 2979 683 3034 Comitatuum
708 2977 841 3032 Trencsm.
863 2979 964 3038 Arueu.
987 2992 1013 3035 et
1035 2981 1144 3052 Liptout

201 3073 441 3140 superintendens.
496 3073 673 3128 Proficiscitur
696 3071 729 3124 ab
752 3089 811 3136 eo,
839 3074 946 3148 Strigil
975 3077 1144 3142 Aetiologiae

204 3165 431 3232 Kitsclreriaeaao,
452 3170 508 3232 fiue
523 3170 675 3220 orthodoxa
693 3167 815 3236 Depnlsto
833 3169 980 3234 Causarum
1011 3181 1037 3224 et
1051 3171 1147 3238 Argu·

205 3273 369 3318 mentorum,
398 3261 494 3329 quiem
512 3241 551 3314 M.
572 3259 686 3314 Ioannes
704 3243 853 3314 walterus
880 3261 1061 3332 Tubingenfis,
1079 3282 1148 3332 par*

114 3379 121 3404 t
205 3367 302 3408 motum
312 3355 344 3418 se
356 3357 482 3415 iactitat,
499 3373 549 3407 cur
562 3372 575 3408 e
590 3353 750 3423 sinagoga,
770 3363 799 3407 vi
813 3357 857 3406 ait
869 3351 1039 3420 lutheranae,
1058 3358 1150 3422 trans-

206 3450 374 3518 migrauerit
406 3447 435 3498 in
456 3449 594 3511 Ecclesiam
618 3451 795 3508 Custodem,
819 3450 939 3502 Aethere
954 3450 992 3502 M.
1010 3451 1152 3502 Zacharia

207 3543 285 3612 Lany
310 3557 341 3608 p.
358 3549 379 3590 t.
398 3539 523 3601 Ministro
542 3539 617 3593 Eoclo
628 3557 669 3592 aar
685 3539 873 3610 Banondrenfis
893 3551 918 3592 et
937 3541 1065 3595 Venerab.
1087 3544 1152 3596 Gon-
1249 3559 1254 3568 ·

209 3634 344 3686 turbrrm'i
364 3631 523 3692 Gradnonfis
546 3631 671 3692 Seniore,
699 3633 826 3700 Impenfis
848 3634 1022 3703 llluflrrffimi
1044 3638 1154 3688 Comitis
1208 3675 1211 3682 .
1243 3688 1256 3700 ν

210 3743 241 3778 ac
258 3725 374 3802 Domini
394 3724 429 3776 D.
455 3727 587 3792 Casparis
607 3725 753 3794 lllyeslidei
775 3737 822 3778 etc.
848 3726 918 3794 1⁶42.
945 3727 973 3776 in
993 3742 1019 3795 4.
1041 3727 1156 3779 duorum

210 3817 431 3887 Aiphabetorom.
486 3816 643 3870 Dedicatum
666 3815 712 3884 ipsi
735 3817 834 3874 Comiti
854 3817 1014 3879 ludaham,
1043 3819 1157 3872 iedeeim

212 3914 341 3980 capitibus
360 3907 522 3976 Opuscuium
539 3911 683 3966 absoluitur
703 3931 727 3980 t.
748 3928 773 3978 g.
792 3913 888 3966 deficta
904 3899 1158 3969 incertitudioeLu-

213 4003 385 4058 theranorum
410 4020 446 4055 ex
469 4018 545 4071 parte
566 4005 653 4058 sacrae
678 4005 800 4054 lenonis
824 4003 887 4056 sacri
912 4005 1030 4066 codicis,
1060 4006 1157 4059 versio·

215 4101 272 4160 nis,
292 4102 418 4158 canonis,
439 4097 542 4160 senius,
562 4109 589 4151 et
608 4098 855 4164 interpretationis,
880 4098 913 4151 de
932 4103 1051 4167 purioris
1075 4103 1160 4153 eccle-

219 4187 336 4258 raom
351 4193 477 4248 continua
496 4190 666 4254 virtutae,
684 4201 714 4246 et
731 4189 842 4244 vinum
861 4180 1040 4259 nummio,
1069 4195 1102 4248 re
1123 4195 1164 4249 iu·
