2618 4656
135 322 259 410 “³18

177 172 179 190 ’
291 211 307 260 x

473 278 950 424 :normannnis

217 564 223 572 .
280 494 446 572 omnium
477 490 557 568 fere
585 486 791 568 ‘studiorum
821 481 1090 566 litterariorum
1125 491 1248 584 'gene-

282 597 389 674 ratim
411 595 508 670 fa‘tta
533 595 792 700 expositione,
830 593 901 669 iam
924 615 971 667 ex
993 587 1152 666 instituti
1181 612 1250 662 no-

280 697 541 800 altregium,
581 695 629 774 ad
658 717 780 802 partes
812 696 962 786 illorum
983 689 1248 781 nobiliumn,

280 823 378 878 artes
400 801 570 876 nimirum
596 802 774 902 ingenuas
811 821 852 874 ac
877 795 1112 899 disciplinas,
1140 817 1250 868 more

277 921 446 1007 recepto,
467 903 639 979 historice
657 898 915 978 describendas
942 923 998 976 ruc
1018 915 1249 977 conuertam.

278 1011 413 1111 Itaque
442 1011 535 1078 tertio
550 1027 649 1081 artes
671 1030 712 1080 ac
728 1001 964 1108 disciplinas,
993 998 1250 1102 musarumque

253 1108 570 1210 'Hungaricarum
600 1105 790 1203 domicilia
820 1105 1070 1182 delineaturus
1111 1101 1249 1178 fuerat.

208 1221 217 1272 3
279 1210 644 1316 Inquirentipergit
663 1211 801 1314 porto)
830 1207 1034 1312 figillatim,
1064 1229 1166 1308 -quae
1199 1227 1252 1280 ar·
1293 1281 1294 1306 ,

202 1391 204 1400 ,
232 1367 253 1388 2
277 1335 336 1392 tes
365 1339 407 1391 ac
425 1312 598 1390 scientiae
624 1311 866 1389 amaioribus
897 1311 1030 1388 nostris
1057 1307 1167 1412 ipsis,
1211 1307 1252 1382 il·
1293 1311 1294 1354 ἒ

277 1419 473 1521 lorumque
502 1413 618 1493 sociis
655 1417 865 1516 inuentae,
901 1436 940 1490 et
968 1437 1062 1514 quae
1090 1410 1251 1487 abillis

169 1524 173 1530 '
278 1521 390 1595 etiam
433 1520 632 1624 paulatim,
661 1519 744 1594 aliis
780 1539 832 1594 ex
857 1514 1096 1619 regionibus,
1135 1513 1254 1588 bene-

278 1621 367 1700 ficio
394 1623 700 1700 commerciorum
720 1621 1004 1715 litterariorum,
1034 1619 1072 1695 in
1095 1616 1254 1720 patriam

279 1726 439 1801 nostram
461 1724 614 1820 allatae,
645 1723 848 1829 paucisque
873 1745 950 1799 non
969 1745 1177 1823 nunquam,
1211 1743 1254 1796 vt

277 1825 344 1922 fit,
373 1829 609 1922 commutatis
633 1825 682 1902 ad
705 1825 808 1902 vsum
827 1826 1013 1930 publicum
1041 1847 1254 1900 accommo-

277 1925 387 2004 datae
409 1927 571 2005 fuerint:
601 1953 696 2033 quae
716 1926 881 2031 denique
899 1928 1026 2004 batum
1054 1927 1254 2002 extiterint

278 2031 527 2127 incrementa,
557 2055 598 2108 ac
618 2030 695 2108 fata
723 2033 761 2107 in
786 2031 996 2136 progressu,
1025 2028 1253 2107 cauffae'ob'-

278 2134 433 2214 liuionis
455 2151 484 2230 ,¹
506 2134 661 2212 iteratae
694 2134 999 2231 instaurationes,
1050 2153 1251 2228 auctores,

276 2236 414 2330 horum
436 2238 607 2340 patroni,
639 2261 681 2314 ac
705 2248 964 2333 nroecenat‘eS,
994 2257 1034 2312 et
1063 2233 1103 2311 id
1133 2259 1252 2337 genus
1294 2324 1295 2332 ἵ

277 2339 370 2436 alia,
412 2337 459 2415 ad
486 2339 578 2414 hanc
600 2337 793 2418 doctrinae
824 2331 1133 2444 praestantislimae
1166 2334 1254 2413 clas-

276 2438 354 2517 sem
362 2441 610 2544 pertinentia.
665 2443 909 2518 Scitntiarum
929 2444 1026 2518 enim
1049 2435 1163 2544 atquc
1182 2439 1254 2516 do·
1294 2451 1295 2522 ὲ

278 2543 479 2620 ctrinarunr
509 2541 611 2622 domi
648 2546 878 2630 inuentarum
915 2545 1110 2647 genuinam
1136 2543 1254 2645 origi-

221 2715 226 2722 .
277 2669 386 2740 nem,
416 2666 455 2722 et
484 2646 528 2722 ab
550 2638 632 2723 aliis
660 2649 833 2826 pentibus
855 2645 1105 2745 detectarum,
1135 2646 1253 2722 aliun-

279 2745 328 2823 de
354 2747 513 2844 sactam,
550 2749 589 2826 in
621 2749 658 2827 se
688 2775 727 2826 cs
758 2751 897 2828 nostras
921 2751 1078 2854 antiquo
1098 2775 1253 2826 -nouas

149 2887 155 2899 ·
220 2925 223 2932 ,
279 2850 436 2958 primam
459 2850 802 2949 introductionem,
842 2855 1040 2957 veritisque
1074 2853 1165 2928 item
1189 2876 1254 2928 oc-

280 2949 496 3050 casionem,
549 2953 796 3060 tradendique
828 2955 981 3032 modum
1011 2981 1054 3031 ac
1089 2953 1254 3057 discipli-

258 3079 363 3140 ‚nam
384 3060 601 3136 ¹accuratius
630 3060 755 3156 nosse,
793 3085 870 3136 non
899 3057 1017 3138 modo
1051 3056 1254 3134 iucundum

280 3159 358 3252 est,
386 3183 516 3236 verum
545 3162 655 3237 etiam
677 3163 771 3238 vtile
795 3178 905 3264 atque
935 3161 1071 3239 summe
1096 3161 1253 3237 necessa-

282 3259 393 3344 rium.
446 3263 604 3340 Artibus
627 3267 812 3370 postremo
837 3267 1021 3361 ingenuis,
1052 3263 1187 3340 eodem
1209 3265 1253 3340 li-

143 3379 147 3386 ’
221 3419 226 3428 .
281 3362 351 3440 bro
372 3386 617 3444 annectentur
640 3366 815 3444 musarum
833 3351 975 3446 Hunno
989 3415 1006 3428 -
1022 3367 1252 3469 Hungarica-

188 3527 189 3541 ,
279 3490 383 3560 tum,
426 3493 507 3543 cum
530 3493 761 3562 ⁸memoratae
793 3476 901 3547 antea
957 3470 1252 3573 eregrinationes

173 3633 175 3638 ,
227 3611 236 3630 1
280 3571 435 3665 variae,
476 3592 554 3647 tum
585 3573 764 3676 imprimis
804 3571 877 3649 fixa
916 3497 954 3652 d

944 3573 1141 3670 omicilia,
1178 3571 1253 3648 fiue

279 3667 450 3768 scholae,
483 3675 655 3778 collegia,
684 3673 904 3773 academiae,
935 3675 1140 3753 societates
1162 3672 1253 3750 item

206 3830 226 3862 ¹.
280 3775 421 3876 patriae
453 3777 597 3853 nostrae
630 3777 846 3881 religiosae,
874 3805 948 3886 vna
969 3805 1051 3856 cum
1075 3780 1160 3856 aliis
1179 3777 1255 3854 huc

281 3875 536 3991 spectantibus
557 3880 790 3959 adminiculis
813 3891 925 3988 atquc
945 3882 1174 3961 ornamentis
1197 3904 1253 3959 re-

235 4009 239 4017 r
277 3979 400 4081 liquis
427 3982 634 4062 litterariis.
690 3983 817 4078 Quoto
842 4005 880 4062 et
905 3988 1068 4084 vltimo‚
1096 3985 1252 4089 scripto-

187 4175 190 4182 ,
231 4173 232 4182 Ν
262 4103 333 4160 tes
369 4103 408 4160 et
428 4080 562 4190 scripta
582 4088 777 4194 praecipua
797 4085 949 4168 daturus
969 4111 1058 4168 erat.
1111 4086 1252 4166 DeVi-
