2618 4662
641 175 680 290 J

184 329 251 398 292
290 321 295 340 ¹
558 328 816 410 ψ

186 507 310 582 nempe
327 505 399 554 non
416 507 534 554 eorunr
557 479 716 554 duntaxat
729 476 919 558 habendam
939 475 1210 566 efferationem,

188 593 246 688 qui
268 591 304 658 in
328 580 417 660 hisce
439 575 592 657 ludts‘ad
619 585 890 670 humanitatem,
930 582 1108 686 studiaque
1130 584 1213 656 vlte-

186 697 276 764 riora
308 705 572 794 praeparantur,
617 681 674 760 sed
722 710 841 762 eorurn
880 681 1106 788 cumprimis,
1153 690 1214 787 qui

187 785 326 867 emenso
351 793 597 865 Grammaticae
622 787 814 877 orniculo,
848 787 964 882 litteris
988 788 1214 878 ¹valedicunt,

186 915 290 996 utque
313 895 349 964 hi
371 890 531 992 expedite
545 891 649 966 latine
673 891 788 994 loqui,
831 891 1011 991 epistolas,
1052 897 1216 991 narratio-

190 1023 275 1084 nes,
311 995 489 1074 relationes
500 1009 531 1082 a
533 995 718 1098 ‚pluraque
747 993 942 1070 huiusmodi
968 1002 1006 1070 in
1034 992 1093 1070 vsu
1109 1001 1213 1067 ,vitae

76 1093 79 1104 ’
189 1095 389 1202 quotidiano
409 1106 635 1185 occurrentia,
661 1097 736 1198 apte
764 1104 967 1172 concinnare
990 1105 1132 1172 norint:
1160 1124 1216 1198 pa-

188 1203 258 1278 lam
281 1201 327 1283 est
351 1205 525 1276 Ciceronis
553 1193 736 1302 Epistolas,
785 1201 984 1278 Cornelium
1011 1207 1214 1300 Nepotem,

189 1306 339 1408 aliosque
370 1325 522 1408 receptos
555 1326 705 1380 auctores
729 1298 841 1392 solos,
880 1305 943 1393 fini
966 1307 1047 1378 huic
1072 1309 1221 1376 minime

193 1403 353 1484 sufficere.
406 1413 494 1482 Nam
520 1435 561 1484 ue
591 1435 664 1484 non
685 1403 731 1478 est
752 1410 811 1480 hic¹
836 1399 1222 1509 propofiturnlorurare

193 1517 284 1585 viros
301 1507 469 1597 eruditos,
496 1433 555 1586 led
577 1517 702 1614 patriae
727 1510 834 1600 utiles,
862 1527 960 1612 atque
978 1511 1152 1614 proficuos
1170 1515 1220 1580 ci-

192 1639 274 1688 ues:
300 1611 412 1714 gustus
434 1611 594 1710 duntaxat
612 1639 708 1688 verae
733 1611 928 1706 eruditionis
954 1614 1001 1688 eit
1021 1620 1222 1714 ingeneran-

171 1797 173 1802 ,
192 1714 267 1802 dus,
284 1723 423 1817 viaeque
443 1715 661 1818 alonginquo
676 1713 875 1792 indicandae
886 1709 1222 1820 eodetn‘peruenien·

192 1815 243 1908 di,
261 1815 286 1892 sr
301 1825 356 1891 cui
371 1813 553 1894 nobiliores
561 1819 735 1919 igniculos
746 1829 863 1896 natura
878 1815 1014 1894 inseuit:
1040 1826 1223 1922 praecipua

191 1947 373 2024 puerorum
400 1920 504 1996 studia
530 1929 680 2026 apprime
705 1917 1037 1998 consentire'debent
1067 1951 1150 1996 curn
1173 1929 1222 1995 vi·

195 2043 248 2098 tae
273 2021 405 2098 loturae
433 2023 570 2112 vfibus,
598 2023 648 2098 vet
679 2023 878 2100 eruditione.
931 2031 1006 2102 Hos
1042 2032 1080 2102 in
1111 2027 1220 2111 fines,

192 2127 319 2202 electae
342 2125 417 2200 sunt
443 2127 706 2202 Chrestomatiae
733 2145 775 2202 ex
797 2137 894 2204 variis
923 2121 1134 2218 auctoribus,
1171 2126 1223 2201 di-

190 2226 322 2332 scipulis
335 2229 585 2332 propinandas,¹
601 2227 800 2334 opusculum
820 2231 1123 2334 compendiariutn,
1137 2237 1145 2270 ¹
1152 2257 1223 2332 quo

192 2331 279 2408 illud
306 2333 466 2433 Magister
485 2361 575 2412 anno
601 2341 699 2408 tertio
716 2347 906 2440 percurrere
930 2356 1040 2432 toturn
1057 2333 1170 2440 poffit.

243 2543 292 2633 a).
320 2535 443 2611 Selecti
476 2539 602 2642 aliquot
639 2545 741 2613 Actus
775 2565 795 2612 e
829 2541 956 2628 Plauti,
999 2570 1038 2614 ac
1065 2543 1229 2616 Terentii

284 2638 521 2742 [Comoediin
562 2664 596 2716 et
616 2647 756 2745 Minutii
781 2643 900 2718 Felicis
922 2645 1088 2746 Dialogis.

248 2845 296 2941 b).
323 2843 489 2920 Meliores
515 2844 681 2950 quaedam
707 2851 909 2938 Ciceronis,
945 2855 1113 2948 Senecae,
1157 2852 1235 2938 1³11„

302 2955 377 3036 nii,
414 2970 447 3023 et
473 2949 579 3028 Paulli
597 2953 747 3050 Manutii
775 2952 949 3054 Epiilolae.
984 3004 988 3012 ι

251 3159 295 3252 c).
323 3158 494 3227 Breuiores
518 3159 683 3232 iuuentuti
701 3153 906 3232 blandientes
929 3151 1123 3248 sermones,
1162 3169 1224 3264 qui

300 3259 339 3329 in
357 3255 520 3332 historicis
539 3262 703 3336 veteribus
724 3258 841 3362 patiim
866 3271 1055 3336 occurrunt.

252 3457 305 3560 d),
329 3462 506 3563 Exempla
532 3465 761 3562 constitutioni
791 3469 931 3567 Regni,
977 3492 1016 3540 ac
1052 3473 1222 3543 iuuentuti

303 3566 404 3664 apta,
451 3561 599 3652 desumta
623 3595 665 3644 ex
688 3567 808 3644 iisdem
832 3571 1056 3659 auctoribus,
1093 3591 1127 3646 et
1154 3579 1221 3646 Va-

300 3668 393 3744 lerio*
411 3673 464 3747 NL
783 3697 803 3724 ·
839 3691 843 3702 '
867 3758 871 3766 ¹

471 3785 474 3796 t

250 3881 295 3972 e).
323 3876 535 3977 Compendia
566 3879 723 3954 locorum
755 3903 797 3951 ex
821 3877 955 3953 historia
983 3879 1125 3954 naturali
1156 3879 1223 3956 Pli-

225 4015 228 4023 ’
301 3975 354 4056 nit
377 3975 534 4086 senioris,
568 3981 676 4059 vstbus
701 3989 863 4082 iuuenum
885 3981 1157 4062 accomodata.
